2959 4959
88 305 91 308 ⁵
200 366 267 434 en
591 362 657 448 na
670 359 977 438 snuaorora

201 488 500 560 mesenensem
514 492 600 568 ferat,
616 491 716 577 iisque
725 512 801 556 eum
815 495 1060 578 respondentem
1072 519 1082 573 ς
1102 492 1157 582 qui
1170 491 1198 560 si
1211 485 1355 556 eruditius

201 575 361 642 videbitur
373 577 542 664 disputare
557 575 653 662 quim
678 576 843 641 consuerit
856 579 927 662 ipse
941 581 974 645 in
990 583 1055 646 auia
1075 579 1173 657 libris,
1200 574 1354 643 attribuito

203 660 328 728 (limeis
347 664 456 742 literis,
487 673 615 762 quarum
635 673 762 726 constat
791 682 863 725 eum
888 666 1124 746 perstudiosum
1144 663 1244 728 fuisse
1264 661 1299 725 iu
1314 678 1356 721 to·

199 759 340 816 nectute
383 745 527 834 Sedqurd
540 765 620 830 opus
632 744 811 893 esqplumi
824 747 894 838 jam
902 749 989 811 enim
1005 751 1105 834 ipsius
1117 749 1254 815 Catonis
1266 763 1362 810 sermo

200 834 374 921 explicabit
384 845 519 898 nostram
532 847 660 893 omnem
698 852 716 893 e
729 843 890 895 senectute
902 835 1108 900 senteutiam.

570 937 983 1024 cata-scipia-Laelius.

246 1028 290 1095 11.
332 1020 436 1108 Scipio.
460 1023 690 1111 Soepenumerb
712 1025 822 1090 mirari
832 1025 927 1104 soleo,
942 1024 1088 1090 cumboc
1105 1028 1146 1091 C.
1163 1027 1290 1110 Laelio,
1308 1041 1374 1092 tum

195 1125 379 1196 ,caeterarum
403 1130 511 1174 rerum
531 1123 620 1175 tuam
645 1109 864 1190 excellentem,
887 1111 936 1176 M.
953 1110 1316 1200 Cetq'perfectamque
1331 1134 1377 1176 aa·

104 1234 112 1246 ·
197 1195 356 1283 pientiam,
370 1206 439 1260 tum
455 1195 507 1261 vel
521 1193 674 1273 maxime,
691 1194 789 1296 xqubd
812 1218 974 1282 nunquam
996 1209 1181 1261 senectutem
1204 1197 1272 1262 tibi
1298 1220 1382 1286 gra·

196 1300 263 1343 vem
279 1300 346 1344 esse
360 1281 537 1368 senserim
561 1304 632 1368 quae
647 1281 805 1369 plerusque
819 1283 945 1346 senibus
958 1281 1003 1347 sic
1026 1281 1131 1346 odiosa
1144 1291 1201 1358 est,
1223 1295 1265 1345 ut
1283 1305 1383 1347 onus

193 1385 228 1429 aa
241 1359 344 1429 AEtnit
356 1366 485 1466 gravius
498 1365 607 1432 dicant
620 1367 786 1431 sustinere.
832 1368 918 1432 Coto.
952 1367 1032 1432 Rem
1048 1366 1132 1431 haud
1154 1361 1227 1431 sini
1240 1365 1386 1431 diffici-

193 1447 267 1528 lem,
286 1450 395 1535 Scipio
409 1466 442 1516 et
466 1451 558 1530 Laeli,
580 1450 730 1517 admirari
745 1452 916 1517 videmini:
938 1453 1053 1540 quibus
1077 1452 1162 1516 enim
1182 1449 1265 1515 nihil
1294 1451 1383 1537 opis

194 1547 243 1600 est
257 1535 291 1600 in
305 1535 381 1623 ipsis
394 1536 434 1601 ad
454 1536 535 1602 bene
548 1537 703 1624 beateque
718 1538 896 1616 vivendum,
913 1539 950 1602 iis
970 1537 1074 1603 omnis
1088 1537 1191 1624 gravis
1203 1540 1381 1614 est'aetas3

195 1620 252 1709 qni
266 1635 371 1687 autem
384 1622 494 1688 omnia
514 1623 600 1687 bona
624 1620 694 1687 ise
713 1624 787 1710 ipsis
800 1635 922 1710 petunt,
946 1623 985 1687 iis
1008 1623 1090 1687 nibil
1115 1634 1220 1707 potest
1242 1620 1377 1687 malum

195 1705 307 1784 videri,
323 1707 410 1795 quod
425 1723 554 1773 ‘natura
575 1708 741 1774 necessitas
752 1711 873 1775 afferat.
917 1708 994 1785 Quo
1008 1708 1041 1772 in
1056 1729 1176 1794 genere
1198 1707 1232 1772 in
1253 1707 1375 1792 primis

196 1804 245 1858 est
258 1807 419 1871 senectus3
441 1817 537 1881 quam
561 1808 596 1860 ut
616 1793 841 1880 adipiscantur,
865 1816 974 1859 onrnes
995 1808 1127 1880 optant3
1150 1791 1303 1857 eamdem
1317 1815 1373 1857 ac-

198 1892 311 1946 cusant
338 1879 462 1967 adepti:
496 1893 584 1946 tanta
612 1894 659 1945 est
688 1882 900 1947 inconstantia
926 1879 1079 1959 stultitiae,
1108 1891 1207 1965 atque
1234 1899 1365 1963 perver-

197 1964 283 2031 sias.
328 1965 418 2031 Obre
459 1988 493 2031 re
506 1966 597 2031 aiunt
607 1988 674 2031 eam
690 1966 783 2031 citius
797 1964 892 2054 quim
901 1963 1074 2051 putassent.
1120 1961 1280 2041 Primum,
1296 1961 1369 2050 quis

196 2049 306 2139 coligit
319 2074 373 2116 eos
386 1988 497 2117 sellim
512 2050 648 2136 putare?
669 2050 725 2139 qui
746 2052 829 2117 enim
851 2050 942 2117 citibs
966 2049 1187 2116 adolescentia
1208 2063 1368 2126 senectus,
1452 2065 1453 2096 ¹

80 2131 84 2142 ’
196 2127 292 2236 quini
302 2137 448 2222 pueritiae
456 2136 678 2214 adolescentia,
689 2134 1044 2223 obrepitPDeinde,quf
1054 2132 1158 2200 minuis
1167 2134 1369 2225 graviscaset

194 2220 233 2282 irs
247 2234 398 2297 senectus,
414 2220 440 2282 ai
455 2220 752 2303 octingentesimum
776 2243 895 2286 annum
922 2234 1063 2308 agerent,
1113 2218 1182 2285 uim
1201 2219 1369 2304 octogesi-

190 2301 306 2365 mum?
330 2303 492 2365 Praeterita
507 2305 591 2367 e‘nim
606 2318 692 2380 oetas,
707 2303 851 2390 quamvis
866 2305 972 2393 longa,
985 2305 1058 2371 culm
1073 2329 1092 2371 e
1126 2305 1246 2379 exisset,
1267 2302 1362 2367 nulli

186 2385 406 2449 consolatione
425 2385 620 2469 permulcere
634 2404 740 2473 posset
754 2388 881 2455 stultam
897 2402 1101 2457 senectutem.
1145 2385 1324 2467 Quocirci,
1336 2387 1364 2453 si

182 2468 375 2553 eapientinm
402 2491 503 2534 meam
525 2470 677 2538 admirari
701 2475 819 2553 soletis,
846 2482 932 2564 (quae
946 2478 1067 2542 utinam
1083 2476 1182 2563 digna
1194 2481 1281 2540 esset
1339 2474 1365 2538 i·

189 2556 287 2620 nioue
299 2555 414 2633 vestri,
424 2570 597 2709 nostroque
610 2561 801 2648 cognomine
814 2560 839 2643 l)
859 2563 892 2626 in
905 2562 966 2628 boc
976 2586 1083 2628 sumus
1093 2563 1263 2647 sapientes,
1278 2497 1364 2648 qiid

190 2655 349 2723 naturam,
365 2644 519 2731 optimam
554 2659 653 2725 neem,
678 2661 839 2736 tamquam
862 2648 968 2726 deum,
991 2650 1163 2735 sequimur,
1187 2648 1286 2734 eique
1305 2667 1358 2731 pa·

185 2758 316 2802 remus:
339 2729 449 2820 iqui,
471 2752 538 2796 non
552 2731 719 2797 verisimile
738 2748 794 2812 est,
816 2731 888 2797 cum
903 2747 1026 2800 caeterae
1040 2747 1144 2819 partes
1159 2732 1264 2796 aetatis
1282 2732 1358 2797 bene

184 2821 361 2908 descriptae
383 2820 457 2897 sint,
473 2832 651 2884 extremum
673 2833 790 2897 actum,
805 2830 964 2907 tamquam
981 2818 1021 2882 ab
1043 2820 1136 2882 inerti
1158 2817 1271 2904 poeti,
1296 2838 1358 2883 esse

185 2907 380 2995 neglectum.
405 2902 468 2970 Sed
479 2918 584 2969 tamen
599 2925 725 2968 necesse
736 2904 795 2969 fuit
806 2927 872 2969 esse
883 2889 1002 2990 aliquid
1013 2915 1203 2981 extremum,
1219 2917 1262 2981 et,
1281 2918 1356 2967 tam·

185 3014 286 3078 quam
299 2993 330 3053 in
347 2990 496 3054 arborum
512 2987 615 3053 baccis
634 3000 788 3076 terraeque
801 2989 954 3076 frugibus,
975 2988 1154 3053 maturitate
1169 2985 1355 3074 tempestivi

186 3076 280 3162 quasi
297 3076 413 3139 vietum
428 3087 460 3137 et
483 3073 653 3137 caducum:
677 3074 763 3160 quod
786 3073 948 3139 ferendum
972 3089 1020 3138 est
1039 3073 1178 3138 molliter
1203 3072 1353 3159 sapienti3

191 3161 268 3248 quid
284 3161 366 3226 enim
382 3172 429 3223 est
442 3157 528 3223 aliud
544 3158 721 3246 Gigantirm
736 3160 833 3224 modo
848 3159 964 3226 bellare
979 3181 1050 3222 cum
1070 3158 1140 3236 diis,
1154 3159 1216 3222 nisi
1231 3174 1352 3223 naturae

189 3243 392 3347 repugnare?
414 3242 538 3311 Latias.
554 3245 665 3331 Atqui,
682 3245 775 3325 Cato,
789 3246 1000 3333 gratissimum
1011 3243 1107 3334 nobis
1120 3249 1171 3329 (ut
1184 3244 1281 3309 etiam
1295 3261 1352 3330 pro

191 3332 341 3416 Scipione
356 3329 520 3416 pollicear)
536 3328 655 3407 feceris,
676 3330 725 3406 si,
738 3331 902 3417 (quoniam
927 3353 942 3394 s
982 3351 1100 3408 ramus,
1122 3329 1270 3396 volumus
1286 3328 1353 3417 qui·

126 3475 131 3482 .
189 3413 262 3477 dam
278 3416 372 3494 certe,
388 3439 477 3483 senes
490 3414 574 3495 fieri)
588 3413 663 3479 ante
679 3413 781 3479 multo
806 3413 826 3478 i
847 3429 878 3480 te
892 3414 925 3479 di
950 3413 1105 3494 icerimus,
1129 3415 1247 3502 quibus
1267 3411 1352 3479 facil-

187 3494 453 3565 tractationibus
468 3501 734 3587 ingravescentem
750 3513 875 3564 aetntem
887 3502 968 3564 ferre
1005 3500 1147 3564 ossimus.
1182 3502 1267 3564 Cato.
1290 3497 1348 3562 Fr·

188 3583 269 3650 ciam
285 3581 371 3660 verb,
395 3584 493 3660 Lae1i;
517 3587 691 3670 praesertim
706 3587 732 3650 si
758 3584 883 3672 utrique
896 3523 1044 3663 vestrim,
1059 3599 1096 3651 ut
1109 3585 1197 3664 dicis,
1220 3595 1343 3671 gratum

187 3668 327 3735 futurum
340 3679 396 3732 est
429 3667 540 3751 Scipio.
554 3669 718 3736 ‚Volumus
733 3669 821 3747 sane,
837 3670 896 3733 nisi
912 3670 1079 3736 molestum
1094 3684 1151 3750 est,
1166 3670 1252 3745 Cato,
1265 3681 1345 3731 tam·

187 3775 283 3844 quam
299 3751 533 3838 aliquantulam
555 3752 684 3841 longam
710 3753 890 3830 confeceris,
915 3777 1012 3841 quam
1036 3756 1129 3822 nobis
1151 3775 1273 3842 quoque
1296 3751 1348 3815 iu·

149 3841 151 3845 ⁸
187 3838 397 3931 grediendum
411 3836 461 3914 sit,
477 3836 568 3916 istuc,
584 3838 648 3924 qub
664 3839 844 3924 pervenisti,
861 3838 977 3919 videre,
993 3841 1087 3927 quale
1101 3842 1159 3916 sit.¹
1341 3920 1344 3928 ,

186 4005 189 4012 ¹
232 3925 297 3993 111.
322 3925 408 3990 Ceto.
431 3923 568 4000 Faciam,
592 3936 627 3986 ut
647 3938 770 4006 potero,
796 3923 892 4002 Laeli3
916 3947 1001 4012 saepe
1022 3929 1107 3991 enirn
1130 3923 1341 4012 interfuique·

187 4010 260 4078 ralis
282 4034 424 4077 meorum
446 4006 623 4097 aequalium,
646 4014 752 4092 (pares
773 4021 879 4074 autem
901 4033 974 4076 cum
994 4013 1137 4098 paribus,
1159 4011 1256 4077 veteri
1271 4029 1341 4095 pre·
1426 4003 1429 4016 ’

186 4097 307 4174 verbio,
322 4092 470 4164 facillimi
491 4093 738 4183 congregantur)
782 4116 832 4159 uae
844 4095 892 4161 Ο.
909 4097 1078 4176 Salinator,
1099 4117 1172 4186 qnae
1189 4099 1242 4183 Sp.
1257 4091 1342 4160 Albi·

186 4200 257 4257 nus,
274 4183 417 4249 homines
431 4180 621 4256 consulares,
635 4179 736 4244 nostri
760 4116 826 4244 ieri·
841 4180 986 4268 aquales,
1002 4180 1172 4268 deplorare
1186 4179 1342 4255 solebant3

186 4276 254 4331 tum
279 4265 366 4352 qubu
391 4267 603 4353 voluptatibus
625 4278 779 4345 carerent,
802 4262 871 4331 sini
892 4266 1005 4353 quibus
1026 4269 1123 4333 vitant
1146 4268 1267 4332 nullam
1288 4285 1344 4364 pu·

184 4362 307 4447 tarent3
330 4367 395 4416 tum
411 4351 498 4451 qubd
514 4365 736 4440 spernerentur
753 4353 794 4418 ab
807 4351 855 4430 iis,
877 4350 902 4415 i'
920 4351 1034 4440 quibus
1048 4365 1150 4417 essent
1162 4351 1229 4420 coli
1241 4349 1339 4415 sonu:

182 4454 238 4517 qur
249 4431 328 4493 mibi
341 4455 405 4496 non
419 4436 450 4498 rel
461 4435 651 4505 videbantur
660 4459 818 4532 accusare,
830 4437 916 4524 quod
927 4437 1246 4505 esuetaccusauduttrt
1261 4441 1343 4512 nauti
