2959 4959
124 383 162 454 a·
403 343 407 351 ’
461 394 512 461 rn
536 390 797 468 cantarum,
821 387 1115 471 nrvruamo„

189 532 240 587 tot
262 522 473 590 incommodis
486 519 662 586 remedium
684 539 752 584 esse
772 518 953 597 arbitrarer,
976 532 1013 584 ut
1026 518 1173 582 homines
1188 515 1293 582 idonei
1315 524 1369 578 at·

191 629 254 709 que
263 610 379 697 integri
387 629 517 675 ,causam
528 605 666 690 Reipub.
678 604 848 691 legumque
858 606 1070 691 susciperent3
1086 605 1199 679 fateor,
1211 625 1271 679 me,
1281 599 1370 664 salu·

131 706 232 794 40t1s
245 697 390 760 omnium
403 691 508 771 causa,
528 690 570 756 ad
584 712 655 757 eam
669 706 794 778 partem
808 693 971 757 accessisse
994 690 1133 777 Reipub.
1153 684 1371 764 sublevandae,

192 803 266 868 quae
280 776 418 847 maxime
432 779 601 843 laboraret.

141 907 145 922 1
192 938 248 987 talis
257 937 347 1000 aliquot
355 934 409 1000 prist
419 937 545 986 mensibus.
568 935 650 994 Unde,
659 937 728 987 Verr.
738 940 763 986 7.
796 936 864 985 ritate
875 944 900 984 et
910 903 1024 1000 gravitate
1043 942 1154 999 prestant
1169 933 1374 983 adolescentibus.

192 1001 272 1066 Itaque
287 1002 336 1049 crim
344 1001 606 1067 prindngerccapimat,
623 1004 766 1050 lernouerct
829 1005 869 1051 39.
888 999 994 1066 integri]
1028 999 1118 1064 Integri
1136 1009 1198 1058 sunt,
1217 1000 1258 1062 qui
1268 996 1383 1062 pecunil·

189 1068 340 1132 muigota.
797 1082 845 1114 non
855 1074 1040 1129 corrumpuntur,
1059 1074 1085 1114 et
1094 1072 1193 1128 possunt
1209 1063 1237 1111 iis
1248 1077 1376 1126 opponere

152 1173 171 1189 ,v
197 1161 202 1168 ·
225 1134 266 1181 ³0.
283 1130 379 1194 Iactat]
407 1130 498 1181 vIdonci
514 1140 569 1181 sunt
585 1131 626 1196 qni
643 1139 669 1180 et
685 1137 765 1180 aneto·
797 1147 858 1189 sese,
868 1147 967 1196 quorum
978 1131 1037 1178 vitio
1043 1129 1135 1195 Judieia
1144 1130 1273 1193 depravata
1284 1135 1351 1175 sunt.

370 1252 584 1366 eanmrro,
606 1292 699 1353 s1vn
721 1292 1006 1355 cousrrrnrro
1028 1291 1189 1352 causa„

197 1435 201 1440 '
238 1424 609 1513 1110Nunc,quoniam,
644 1424 736 1488 uibus
751 1423 844 1488 rebus
859 1421 1014 1487 adductus
1033 1419 1075 1484 ad
1090 1441 1215 1484 causam
1230 1440 1378 1483 accesse-

192 1511 265 1589 rim,
282 1511 506 1589 demonstravi,
530 1448 699 1578 dicendum
715 1505 894 1573 necessario
909 1522 954 1572 est
969 1506 1010 1571 de
1024 1505 1227 1571 contentione
1246 1501 1376 1581 nostris,

194 1609 240 1675 ut,
256 1598 290 1661 in
302 1597 524 1663 constituendo
540 1610 730 1673 accusatore,
748 1594 835 1682 quod
849 1593 936 1680 sequi
948 1592 1083 1679 possitis,
1098 1590 1251 1655 habeatis.
1296 1588 1374 1677 Ego

142 1741 145 1746 ⁴
194 1682 240 1747 sic
252 1683 407 1770 intelligo,
426 1682 559 1770 judices,
583 1680 654 1747 edm
669 1680 710 1744 de
732 1680 875 1765 pecuniis
896 1678 1080 1764 repetundis
1097 1699 1214 1742 nornen
1233 1676 1377 1823 cujuspi-

146 1819 151 1833 ,
196 1790 248 1834 am
271 1768 440 1847 deferatur,
464 1769 490 1833 si
504 1782 664 1833 certamen
678 1766 762 1830 inter
776 1765 898 1853 aliquos
912 1765 962 1844 sit,
985 1764 1038 1829 cui
1052 1759 1249 1849 potissimdm
1263 1761 1325 1826 ‘de
1339 1783 1379 1824 a·

196 1856 242 1921 tio
268 1855 371 1934 detur,
404 1856 474 1919 lraec
499 1854 564 1920 duo
589 1854 623 1918 in
649 1851 761 1939 primis
785 1852 920 1938 spectari
946 1865 1114 1937 oportere:
1151 1871 1244 1935 quem
1269 1848 1376 1911 maxi-

194 1938 249 2006 md
263 1941 362 2010 ,velint
375 1955 514 2006 actorem
530 1964 596 2004 esse
615 1940 648 2017 ii,
671 1937 787 2023 quibus
808 1936 900 2002 factae
921 1960 988 2000 esse
1007 1936 1154 2000 dicantur
1175 1933 1319 2020 injuriae3
1342 1943 1379 1997 et

192 2049 292 2116 quem
306 2024 438 2091 minime
453 2026 577 2103 velitis,
601 2026 719 2109 quiens
733 2023 864 2106 injurias
877 2022 987 2085 secisse
1001 2035 1163 2107 arguatur.

697 2189 712 2216 ²
723 2178 872 2268 accusatio.
939 2251 943 2258 ἱ

229 2360 252 2406 2.
277 2357 312 2407 De
334 2359 469 2408 contuitione
494 2358 589 2422 nostri]
638 2358 768 2409 Contendit
832 2354 870 2403 ΙΙ).
888 2352 972 2402 Nomen
997 2355 1120 2416 cru‘uspiam
1145 2351 1280 2419 Μιναίαν]
1322 2353 1379 2404 De·

135 2461 145 2476 ,
195 2421 281 2471 Cicero
291 2441 345 2473 cum
356 2423 463 2480 Caecilio,
473 2430 525 2471 nter
535 2424 591 2488 eligi
599 2424 688 2473 debeat
697 2440 766 2474 accu-
799 2420 859 2469 serra
878 2436 963 2467 nornen
983 2435 1031 2467 non
1047 2427 1150 2467 cattam
1168 2434 1287 2473 menime,
1302 2420 1380 2482 quin

192 2493 266 2536 sator.
800 2487 863 2534 sud
887 2486 1055 2549 magistratum,
1076 2485 1113 2533 vei
1131 2483 1248 2549 judicem,
1294 2484 1378 2534 'rtem

230 2555 253 2601 4.
272 2551 307 2601 Dc
328 2555 425 2614 mnus
450 2552 595 2616 mutandis]
639 2552 679 2601 Dc
699 2569 768 2617 repe·
800 2503 900 2614 aiicujus
915 2549 1017 2597 criminis
1036 2564 1100 2597 reum
1120 2550 1268 2598 denuntiare.
1320 2552 1379 2600 cett

194 2616 286 2674 tundis,
307 2633 349 2665 seu
367 2632 392 2664 re
410 2622 559 2674 etundsrnm,
573 2617 691 2682 judicium
711 2617 768 2666 indo
801 2613 931 2664 autemhiic
939 2613 1040 2663 nominis
1048 2614 1177 2672 delatione,
1184 2615 1327 2678 sequebatur
1335 2630 1377 2665 as·

126 2737 129 2742 Q
197 2681 341 2731 dictumest.
358 2683 422 2745 qnod
434 2699 462 2731 eo
476 2682 569 2746 judicio
587 2683 644 2731 socii
655 2683 769 2747 pecunias
799 2681 898 2729 cusatio.

195 2747 331 2798 sibicontra
341 2745 405 2811 leget
412 2755 506 2811 ereptus
512 2750 660 2813 repetebant.

454 2881 824 2958 CONFIRMATIONIS
845 2881 983 2941 PRIMA
1006 2880 1125 2941 PARS.
1207 2939 1209 2942 ,

294 3008 378 3080 Quod
391 3009 482 3071 Siculi
494 3021 680 3071 accusatorem
697 3010 868 3078 Ciceronem,
888 3009 1001 3069 nonime
1018 3008 1174 3082 Caeeilium,
1188 3006 1284 3069 oelirtt.

243 3133 303 3204 lv.
326 3138 366 3204 In
380 3135 444 3203 huc
456 3135 560 3213 causst,
578 3137 712 3222 judices,
736 3138 861 3203 tametsi
877 3152 1047 3225 utrumque
1060 3161 1128 3204 esse
1149 3138 1288 3203 arbitror
1301 3158 1379 3223 per·

196 3224 358 3309 spicuum3
381 3236 488 3288 tamen
513 3222 555 3287 de
570 3241 705 3312 utroque
717 3222 832 3302 dicam,
856 3236 888 3288 et
901 3223 941 3287 de
955 3247 994 3288 eo
1005 3222 1100 3309 prids,
1117 3223 1202 3311 quod
1217 3222 1302 3309 apud
1317 3244 1376 3288 vos

196 3307 370 3395 plurimdm
386 3308 481 3373 debet
495 3308 610 3386 valere,
633 3307 694 3373 hoc
710 3322 767 3387 est,
790 3310 831 3375 de
844 3309 1007 3390 voluntate
1020 3331 1142 3389 eorum,
1164 3309 1277 3397 quibus
1290 3310 1377 3395 iuju-

197 3394 257 3458 riae
271 3393 361 3458 fuctoe
375 3408 468 3474 sunt3
490 3416 626 3481 quorum
642 3395 739 3460 causis
748 3395 905 3480 judicium
919 3396 961 3460 de
974 3396 1118 3481 pecuniis
1128 3394 1313 3480 repetundis
1327 3408 1378 3461 est

196 3480 418 3554 constitutum.
464 3481 604 3545 Siciliam
618 3481 816 3566 provinciam
834 3482 872 3545 C.
888 3481 1005 3545 Verres
1013 3500 1076 3567 per
1089 3481 1262 3546 triennium
1276 3481 1377 3566 depo·

195 3564 324 3652 palatus
339 3587 416 3642 ease,
442 3565 622 3631 Siculorum
637 3568 780 3632 civitates
795 3566 941 3645 vestisse,
964 3565 1078 3633 domos
1090 3563 1277 3644 exinanisse,
1300 3564 1377 3632 fana

199 3648 361 3736 spoliasse,
383 3650 510 3716 dicitur.
557 3652 695 3730 Adsunt,
715 3669 902 3740 queruntur,
920 3653 1018 3719 Siculi
1034 3653 1189 3718 universi:
1212 3651 1253 3716 nd
1269 3673 1375 3717 meam

196 3734 308 3812 fidem,
331 3758 425 3821 quam
451 3733 569 3803 habent
582 3752 757 3825 spectatam
776 3741 845 3826 jam
860 3751 892 3803 et
906 3739 960 3804 diu
973 3740 1143 3892 coffiitam,
1166 3738 1374 3825 confugiuntt

199 3820 356 3887 auxilium
371 3823 430 3886 sibi
446 3844 504 3909 per
518 3846 569 3889 me
585 3825 604 3887 it
619 3825 718 3902 vobis,
734 3838 830 3912 atque
846 3825 865 3888 si
880 3825 990 3912 populi
1062 3826 1148 3906 mani
1168 3824 1304 3910 iegibus,
1320 3846 1377 3910 pe·

200 3920 290 3975 tunt:
313 3929 365 3970 me
375 3906 574 3975 defensorem
586 3911 802 3977 calamitatum
814 3934 952 3991 suarum,
965 3935 1017 3978 me
1025 3911 1160 3978 ultorem
1175 3911 1376 3998 injuriarum,

143 3965 189 4024 ¹⁰
201 4018 254 4061 me
267 3993 465 4080 cognitorem
486 3996 568 4082 juris
582 3997 640 4075 sui,
658 4019 708 4061 mc
721 4012 861 4063 actorem
877 4020 979 4065 cnusae
992 3999 1099 4078 totius,
1114 4021 1181 4063 esse
1196 3997 1378 4062 voluerunt.

232 4198 257 4241 6.
275 4192 338 4242 Faus
356 4189 473 4269 molium]
510 4191 559 4256 Alii
580 4194 660 4243 sanum
679 4195 770 4246 dictura
802 4195 853 4258 qai,
864 4194 942 4243 Probo
953 4204 1058 4257 auctore,
1071 4192 1376 4261 ptimnaiiiommiccontn

199 4258 416 4319 pausistratus,
432 4257 502 4306 attat
519 4260 601 4317 fando,
618 4260 674 4323 quin
688 4261 770 4310 divina
801 4260 971 4309 cwdturtoit.
1006 4285 1008 4290 >
1038 4303 1041 4308 .
1107 4280 1110 4283 ’

196 4323 294 4372 emenia
310 4324 345 4374 ibi
363 4326 434 4372 edera
450 4323 574 4394 solebantj
590 4324 631 4375 uti
649 4324 663 4373 i
679 4325 771 4384 Fauno,
835 4330 859 4374 8.
876 4325 1096 4394 spoesauafidea]
1129 4327 1208 4388 Fides,
1218 4342 1271 4393 qun
1283 4320 1377 4392 publici

801 4390 899 4456 cogatis
905 4400 950 4450 est,
960 4400 1068 4457 spectata
1076 4391 1171 4444 dieitur.
