2959 4959
484 336 586 433 ,ns
606 333 904 415 sannorum.
1111 388 1118 396 .
1232 279 1355 423 Μ

123 484 180 548 set,
205 468 354 537 Centone
380 465 545 539 Tuditano
570 487 607 529 ue
629 463 824 542 consulibus,
858 486 958 551 usque
976 452 1298 541 art-adolescentum

118 556 224 631 ineam
240 553 395 638 processit
408 565 513 621 aetate.
589 549 643 615 uid
657 548 697 615 de
715 550 754 615 P.
772 547 891 615 Licinii
908 542 1014 615 Crassi
1030 565 1061 619 et
1083 555 1239 638 pontificii
1263 571 1298 625 et

119 642 224 709 civilis
235 640 319 727 juris
331 637 437 707 studio
448 633 582 725 loquar?
602 649 658 701 aut
669 636 709 701 de
720 634 812 722 hujus
826 635 862 703 P.
874 635 1044 722 Scipionis,
1060 638 1174 724 quibis
1185 646 1295 727 paucis

119 726 234 797 diebus
261 724 412 801 Pontifex
437 723 599 791 Maximus
624 721 725 793 factus
750 720 821 786 est?
865 726 910 787 At
957 723 964 736 '

118 811 380 887 commemoravi,
403 809 451 875 bis
466 809 576 877 studiis
591 808 760 895 flagrantes
774 830 864 875 senes
879 745 1026 889 villimus.
1072 808 1123 877 M.
1138 809 1215 876 verb
1231 815 1297 883 Ca.

120 898 255 1049 thequm
293 901 399 984 (quem
428 891 513 965 'recte
543 893 660 963 Saadae
687 890 853 961 medullam
884 893 965 958 dixit
996 894 1134 974 Ennius)
1173 914 1294 985 quanto

118 996 169 1051 stu

117 1082 171 1137 tur
186 1068 361 1154 epularum,
377 1081 432 1133 aut
446 1066 607 1143 ludorum,
623 1079 679 1129 aut
693 1078 881 1141 scortorum,
897 1065 971 1129 volu
995 1080 1074 1135 tates
1090 1091 1162 1133 cum
1175 1069 1226 1137 his
1237 1095 1295 1139 ro-

117 1154 293 1242 luptatibus
306 1150 556 1238 comparandae?
577 1155 686 1249 Atque
697 1149 765 1215 haec
775 1151 940 1236 quidemst
988 1153 1017 1216 'a
1027 1153 1200 1233 doctriuae3
1216 1180 1294 1243 ¹quus

117 1238 474 1328 quidemprudentibus
488 1250 519 1303 et
533 1234 615 1303 bene
631 1236 779 1321 institutis
793 1236 913 1321 pariter
928 1259 1000 1303 cum
1017 1251 1108 1309 aetate
1123 1256 1293 1323 crescunt3

115 1330 154 1395 ut
169 1325 339 1393 honestum
354 1323 434 1391 illud
446 1323 574 1393 Solonis
587 1324 640 1399 sit,
655 1320 740 1409 quod
757 1323 801 1386 ait
815 1321 971 1399 versiculo
986 1323 1124 1410 quodam
1152 1329 1201 1409 (ut
1215 1327 1293 1395 autb

116 1412 213 1495 dixi),
236 1433 383 1477 terrerem
392 1433 428 1479 se
440 1407 540 1475 urulto
556 1407 650 1473 indies
672 1407 894 1483 addiscentem
917 1406 982 1495 quis
1006 1409 1168 1495 voluptate
1191 1415 1291 1481 animi

22 1564 24 1572 ,
117 1498 208 1565 nulla
223 1496 308 1562 certe
323 1511 427 1582 potest
440 1518 507 1561 esse
520 1497 631 1582 major.

23 1584 27 1595 ’
119 1660 125 1667 ‚
164 1583 244 1651 XV.
265 1583 369 1649 Venio
384 1605 470 1651 nuno
484 1580 525 1647 ad
540 1581 719 1669 voluptates
733 1579 957 1671 agricolarum,
982 1581 1096 1668 quibus
1111 1606 1171 1670 ego
1187 1583 1294 1649 incre·

117 1667 260 1734 dibiliter
273 1666 412 1735 delector
420 1694 429 1746 3
452 1691 522 1756 quae
543 1690 602 1733 nec
625 1665 692 1731 ullls
714 1666 933 1752 impediuutur
958 1664 1128 1748 senectute,
1153 1682 1186 1733 et
1211 1670 1294 1739 mihi

117 1753 161 1821 ad
175 1756 327 1841 sepientis
342 1756 439 1823 vitam
454 1750 601 1840 proxime
617 1753 765 1819 videntur
786 1753 955 1819 accedere:
979 1752 1099 1819 habeut
1123 1757 1210 1825 euim
1235 1779 1290 1822 ra·

20 1846 39 1927 ᾗ
79 1886 82 1895 ,
117 1840 238 1907 tionem
253 1863 326 1906 cum
341 1838 436 1919 terri,
460 1864 531 1931 quae
546 1862 708 1926 nunquam
724 1854 848 1904 recusat
863 1838 1042 1925 imperinm,
1065 1861 1125 1903 nec
1149 1864 1292 1928 uuquam

66 1936 75 1945 “
114 1924 186 1991 sine
208 1924 306 1999 usurb
330 1926 446 2006 reddit,
473 1926 558 2014 quod
585 1927 708 2011 accepit
717 1949 726 2002 3
758 1924 814 1989 sed
839 1918 917 1989 aliis
943 1925 1076 2005 minore,
1100 1925 1224 2010 plerum
1249 1951 1292 1995 ue
1357 1998 1362 2007 ,

115 2014 239 2079 ma’ore
253 2034 328 2077 cum
350 2012 487 2085 fenore:
511 2034 704 2101 quemquam
719 2032 771 2075 mo
815 2009 920 2077 uidem
943 2032 1007 2075 uon
1033 2008 1154 2075 fructus
1256 2011 1289 2093 b,

115 2036 181 2175 ,aad
189 2098 282 2165 etiam
298 2098 396 2185 ipsius
410 2113 502 2167 terrae
517 2099 563 2165 vis
582 2122 621 2163 ac
646 2110 761 2163 natura
785 2034 939 2171 delectam
962 2119 1044 2183 quae,
1068 2094 1141 2167 crim
1155 2104 1157 2106 ’
1163 2098 1292 2184 gremio

97 2181 242 2251 mollito
256 2207 294 2251 ac
309 2184 439 2253 subacto
454 2208 560 2252 semen
575 2206 720 2272 sparsum
734 2182 869 2265 excepit,
893 2182 1032 2268 primum
1046 2181 1080 2247 id
1095 2196 1291 2251 occaecatum

112 2267 259 2337 cohibet:
283 2293 323 2336 ex
345 2295 409 2359 quo
432 2271 566 2348 occatio,
589 2294 661 2361 quae
682 2269 745 2335 hoc
768 2268 873 2347 efficit,
896 2269 1061 2337 nominata
1086 2282 1149 2347 est,
1172 2269 1319 2339 deinde‘

111 2355 303 2440 tepefactum
319 2380 437 2455 vapore
451 2370 483 2425 et
496 2380 678 2443 compressu
694 2379 752 2421 suo
770 2354 918 2434 diffindit,
941 2370 973 2421 et
992 2356 1077 2421 elicit
1096 2355 1291 2424 herbescen-

112 2453 180 2507 tem
195 2462 237 2502 ex
251 2463 290 2503 eo
309 2440 520 2518 virrditatem3
544 2465 626 2527 quoe,
654 2443 730 2507 uiua
745 2440 834 2505 fibris
854 2438 1012 2539 stirpium,
1036 2442 1151 2517 sensim
1177 2443 1291 2511 adole-

112 2524 185 2599 scit,
216 2522 387 2630 ,culmoque
414 2537 520 2591 erecta
543 2523 735 2611 geniculato,
768 2547 806 2588 va
831 2526 891 2587 iuis
908 2547 977 2609 jam
1001 2527 1089 2610 quasi
1109 2526 1291 2624 pubescens

111 2607 308 2684 includitur3
331 2608 482 2696 equibus
503 2606 577 2673 cum
597 2608 771 2684 emerserit,
808 2607 899 2673 uadit
921 2608 1044 2693 frugem
1070 2610 1149 2693 spici
1174 2612 1291 2681 ordine

111 2706 281 2769 structam,
293 2706 325 2765 et
338 2706 451 2759 contra
464 2693 571 2761 avium
585 2692 745 2761 minorum
761 2713 883 2755 morsus
896 2693 1073 2779 [munitur]
1083 2692 1165 2758 vallo
1176 2697 1291 2761 arista·

110 2802 198 2856 rum.
244 2777 332 2857 Quid
347 2802 408 2868 ego
422 2778 536 2847 vitium
549 2791 644 2856 satus,
667 2790 767 2855 ortus,
790 2779 994 2855 incrementa,
1016 2782 1292 2857 commemorem?

114 2865 233 2935 Satiari
248 2863 458 2935 delectatione
471 2887 537 2931 uon
551 2887 691 2951 possum
715 2877 750 2929 ut
764 2885 844 2928 meae
858 2863 1027 2933 senectutis
1042 2866 1214 2951 requietem
1229 2866 1291 2935 ob-

109 2950 365 3040 testamentaque
393 2951 607 3039 pernoscatis3
643 2950 758 3019 omitto
787 2950 873 3014 enim
902 2949 966 3015 vim
1003 2951 1105 3036 ipsam
1143 2953 1290 3029 omnium

112 3060 191 3125 qne
199 3053 395 3128 generamur
410 3037 428 3113 ὲ
445 3036 548 3115 terrm
572 3060 644 3124 quae
658 3059 698 3101 ex
712 3036 766 3101 fici
781 3033 908 3109 tantulo
917 3057 1032 3136 grano,
1053 3050 1112 3103 aut
1131 3060 1172 3105 ex
1193 3039 1290 3107 acino

112 3125 257 3203 vinaceo,
295 3138 350 3191 aut
385 3146 426 3193 ex
454 3124 643 3195 ceterarum
671 3121 799 3211 frugum
828 3143 867 3191 ac
895 3123 1051 3209 surpium-
1069 3123 1290 3191 minutissimis

113 3210 297 3288 seminibus,
314 3222 419 3281 tantos
437 3224 566 3277 truncos
582 3231 749 3296 ramosque
769 3220 925 3293 procreat
975 3207 1132 3287 Malleoli,
1155 3208 1289 3294 plantae,

112 3308 284 3373 sarmenta,
306 3295 501 3372 viviradices,
546 3296 725 3384 repagines,
749 3316 857 3363 noune
876 3317 917 3363 ,ea
938 3293 1087 3373 efficiunt,
1120 3308 1154 3361 ut
1176 3318 1290 3399 quern·
1353 3312 1356 3323 “

111 3378 167 3444 vis·
184 3401 257 3447 cum
275 3379 492 3455 ,admiratione
515 3319 696 3449 delectent?
732 3379 816 3446 Vitis
839 3378 980 3468 quidem,
1001 3403 1073 3468 quae
1093 3395 1209 3449 natura
1229 3405 1289 3453 ca·

97 3464 197 3545 „duca
211 3476 271 3544 est,
291 3478 333 3544 et,
355 3466 417 3532 uisi
430 3467 510 3537 fulta
522 3469 573 3547 sit,
596 3466 638 3533 ad
651 3480 769 3535 terram
784 3465 903 3545 sertum
926 3465 1046 3546 eadem,
1070 3479 1106 3534 ut
1118 3490 1152 3535 se
1171 3470 1289 3558 erigat,

110 3550 275 3621 claviculis
289 3551 365 3631 suis,
387 3554 476 3638 quasi
490 3554 647 3634 manibus,
669 3552 826 3641 quidquid
847 3565 904 3621 est
920 3565 1024 3633 nacta,
1047 3554 1288 3642 complectitur:

112 3660 221 3734 quam,
236 3650 416 3725 serpentem
431 3639 597 3727 multiplici
612 3636 703 3727 lapsu
717 3651 750 3707 et
764 3639 911 3718 erratico,
923 3638 1018 3709 ¹ferro
1040 3654 1214 3727 amputans
1224 3665 1289 3718 ,eo-

113 3735 201 3789 ercet
214 3745 288 3805 ars,=
323 3723 504 3805 ricolarum,
526 3748 568 3795 ne
581 3725 914 3804 silvescatssrmeutis,
937 3738 970 3793 et
987 3725 1022 3792 in
1046 3749 1158 3797 ouutes
1179 3739 1289 3811 partes

111 3807 213 3872 nimia
234 3748 397 3887 inridetur.
441 3808 570 3903 Itaque,¹
587 3812 717 3885 ineunte
740 3834 823 3891 rere,
846 3812 881 3877 iu
905 3811 945 3885 iis
973 3835 1046 3900 (μω
1067 3812 1178 3879 relicta
1197 3820 1288 3886 sunt.

111 3892 247 3974 exsistit,
263 3896 481 3986 tamquamad
495 3897 644 3969 aniculas
658 3912 903 3977 sarmemorum,
915 3922 966 3978 ea,
982 3921 1054 3984 quae
1066 3892 1289 3985 gemmante
1316 3920 1318 3925 ·

111 3992 183 4055 tur:
207 3977 306 4067 aqut
317 3985 422 4059 oriens
436 4006 498 4055 uva
511 4006 581 4051 sese
592 3978 747 4065 ostendis
773 4009 855 4073 quoe,
881 3997 913 4051 et
937 4005 1032 4053 succo
1057 3995 1156 4049 terras
1174 3989 1208 4043 et
1229 3998 1290 4049 eea

111 4063 272 4143 105980118
285 4089 465 4167 augescens,
481 4069 664 4158 ,primbest
682 4072 857 4157 peracerba
869 4081 1018 4157 gustatm
1041 4064 1157 4137 deinde
1167 4075 1287 4139 natu·

112 4150 567 4246 ratedulceteltsrestitnque
577 4157 746 4244 pampinis,
768 4179 829 4225 uec
848 4153 975 4227 medico
1000 4163 1111 4236 tepore
1131 4161 1297 4229 aaretzet

81 4300 89 4307 .
112 4231 229 4319 111less
243 4238 636 4320 anhelantissimus-ea
655 4241 721 4394 qul
743 4241 824 4343 qnid
848 4250 959 4324 potest
978 4258 1054 4315 esse,
1069 4234 1152 4307 clm
1178 4233 1287 4311 sroetu

671 4420 693 4478 2

110 4296 655 4419 {etim-runadsuertupulcmuu
699 4349 790 4477 {⁸³⁴⁸
804 4323 934 4414 quidem
948 4320 1289 4399 narrabimus»-

455 4474 461 4497 Χ
1219 4468 1291 4505 ff

1220 4518 1224 4533 r

800 4525 803 4533 ι

933 745 966 795 m
989 746 1042 797 eos
1067 747 1188 802 amna,
1204 752 1296 814 *quos
1358 790 1375 805 ,.

196 985 227 1047 io
242 983 384 1055 exerceri
396 981 574 1051 indicendo
586 979 781 1057 videbamus
794 980 889 1047 ctiam
899 1002 1006 1045 senem
1019 980 1026 1047 l
1053 981 1137 1059 Quae
1147 999 1222 1049 suut
1234 984 1295 1073 igi-
1401 1012 1404 1025 ·
