2959 4959
162 336 233 401 ew
559 324 625 394 DE
648 322 949 434 stulterum·

212 458 385 524 xxuu
432 454 721 541 dXenoplroutem
737 466 855 533 autem,
888 456 1075 522 moriensC
1136 456 1357 543 smajiorhaec

166 546 279 612 diuite
297 552 319 586 ‘⁶
332 544 387 609 No
399 545 442 608 ite
480 542 638 620 arbitrari,
672 564 712 604 o¹
738 539 817 604 milri
858 543 1017 606 carissimi
1089 542 1131 609 ⁰!
1172 567 1233 622 me,
1266 542 1351 607 enm
1463 585 1465 592 ,

165 632 188 698 ai
225 631 315 696 'vobis
353 626 537 704 discessero,
571 622 727 715 uusqtram
754 641 810 691 ant
846 627 973 692 nullum
1008 628 1085 694 fore.
1141 629 1212 695 Nec
1247 630 1348 707 mim,

166 718 245 783 dum
261 738 350 781 eram
371 715 544 792 vobisonm,
567 714 707 779 animum
723 713 1018 779 menm'ridebatis:
1040 715 1095 779 sed
1116 738 1197 781 ‘eam
1219 734 1287 780 esse
1308 715 1347 778 iu
1401 790 1405 793 ,
1464 728 1465 735 ’

165 804 239 868 boo·
252 824 398 890 eorpore,
431 822 472 867 ex
488 801 525 864 iis
547 801 642 865 rebus
656 821 732 885 qaas
747 799 908 884 gerebam,
929 800 1174 886 intelligebatis:
1196 801 1355 867 eumdem

163 891 180 954 i
205 890 213 904 ⁰
231 910 269 954 nr
283 911 350 954 esse
363 887 526 964 creditote,
541 887 673 950 etiamsi
686 885 813 948 nullum
828 884 984 951 videbitis.
1010 887 1081 951 Nec
1096 887 1173 951 verb
1184 888 1353 952 clarorum

166 901 311 1041 r‘iibrum
331 987 406 1059 post
426 971 714 1037 mortembonoues
734 985 964 1056 permanerent,
985 973 1011 1034 si
1033 972 1117 1037 nihil
1132 994 1246 1039 eorum
1262 975 1350 1058 ipso-

165 1082 242 1127 rum
257 1061 354 1126 animi
369 1059 538 1134 efficerent,
555 1079 620 1143 quo
630 1055 748 1121 diutius
765 1057 1009 1122 memoriamsni
1021 1070 1216 1123 teneremus.
1259 1056 1352 1122 Mihi

167 1147 297 1234 quidem
319 1166 482 1230 uunquam
504 1142 688 1228 persuaderi
709 1143 824 1227 potnit,
845 1143 979 1220 animos,
998 1142 1072 1207 dnm
1086 1143 1125 1206 in
1150 1145 1359 1229 corporibus

75 1284 86 1291 .
166 1244 273 1296 essent
288 1230 484 1307 mortalibus,
512 1230 635 1305 viveres
658 1226 954 1293 cini-euissent‘ex
969 1230 1016 1305 iis,
1042 1230 1153 1306 emori3
1177 1252 1242 1293 nec
1267 1227 1358 1294 verb

165 1330 235 1383 tam
250 1317 393 1383 animum
407 1338 473 1380 esse
485 1315 698 1400 insipientem,
714 1312 788 1378 crim
799 1336 841 1387 ex
854 1314 1017 1399 insipienti
1030 1334 1160 1400 corpore
1169 1316 1358 1393 evasissetg
1464 1372 1465 1377 ,

165 1403 234 1478 sad,
247 1402 434 1481 cumomni
447 1402 644 1466 adunatione
655 1400 799 1486 corporis
812 1400 973 1477 liberatus,
986 1422 1085 1485 purus
1097 1414 1129 1465 et
1136 1402 1260 1487 integer
1275 1414 1360 1465 esse
1464 1414 1465 1427 ¹

163 1490 325 1574 coepisset,
342 1502 410 1552 tum
425 1511 492 1553 esse
506 1488 690 1571 sapientem.
736 1488 844 1572 Atque
858 1489 965 1564 etiam,
980 1485 1052 1551 edm
1075 1487 1213 1551 hominis
1228 1500 1358 1551 natura

165 1586 272 1639 morte
282 1574 471 1650 dissolvitur,
489 1586 675 1638 caeterarum
698 1593 807 1635 rernm
829 1573 1031 1657 perspicuum
1052 1584 1099 1636 est
1120 1572 1184 1660 qub
1211 1592 1357 1659 quaeque

166 1660 351 1731 disoedaut:
374 1659 494 1723 abeunt
508 1660 597 1722 euim
608 1658 684 1722 illuc
696 1659 816 1735 omnia,
841 1658 925 1721 uude
940 1670 1011 1723 orta
1024 1671 1115 1735 sunt3
1125 1724 1127 1727 .
1138 1660 1266 1723 animus
1292 1680 1353 1722 aaa

164 1759 230 1810 trem
253 1746 347 1821 solus,
370 1758 430 1809 nec
452 1742 522 1809 cinu
546 1745 643 1821 adest,
660 1766 719 1807 nec
741 1743 813 1807 crim
829 1743 972 1821 discedit,
990 1760 1131 1829 apparet.
1177 1745 1251 1809 Jam
1267 1742 1352 1808 verb
1464 1796 1465 1805 ,

163 1831 287 1907 videtis,
310 1831 392 1894 nibil
406 1832 582 1895 essemorti
596 1844 661 1894 tam
677 1828 791 1906 simile,
818 1828 917 1916 quarn
940 1848 1097 1894 somnum.
1143 1830 1246 1917 Atqui
1269 1829 1344 1892 dor·

162 1915 332 1981 mientium
347 1917 446 1981 animi
461 1912 599 1980 maxime
611 1916 774 1980 declarant
784 1916 982 1980 divinitatem
998 1938 1106 1980 suam:
1129 1917 1231 1991 molta
1245 1915 1344 1989 eninm·

163 1999 241 2068 cini
252 2003 375 2068 remissi
389 2016 421 2068 et
441 2002 533 2066 liberi
544 2016 627 2079 sint,
642 2001 749 2066 futura
760 2003 980 2087 prospiciunt:
1001 2022 1041 2065 ex
1056 2025 1122 2088 quo
1144 2000 1343 2087 intelligitur,

165 2088 276 2251 8οῶ
298 2088 396 2154 futuri
418 2089 595 2166 siutetum
621 2110 655 2151 se
675 2085 774 2173 plane
796 2088 939 2173 corporis
960 2087 1095 2151 vinculis
1116 2088 1343 2152 relaxaverint.

205 2174 291 2253 narb,
307 2177 333 2239 si
355 2175 425 2238 hoec
440 2176 484 2238 ita
498 2186 581 2251 suut,
605 2174 716 2238 sicine
736 2162 865 2237 colitote
880 2186 915 2238 ut
940 2173 1052 2238 deum:
1076 2174 1125 2237 sin
1141 2173 1204 2236 unzi
1229 2185 1278 2235 est
1290 2172 1347 2235 in-·

163 2261 317 2324 tenturus
331 2260 455 2324 animus
469 2280 541 2323 cnm
558 2278 701 2343 corpore,
718 2272 904 2335 vos‘tamen,
928 2259 1004 2323 deos
1020 2272 1165 2335 verentes,
1182 2258 1238 2342 qui
1252 2256 1342 2319 hanc·

162 2364 292 2409 omnem
306 2344 578 2429 pulchritudinem
603 2358 731 2409 tuentur
753 2357 784 2408 et
806 2356 930 2429 regunt,
955 2346 1136 2409 memoriam
1155 2340 1255 2406 nostri
1278 2340 1339 2428 pit·

163 2430 379 2579 inviolateque
395 2430 590 2495 servabitis.’'
634 2430 737 2517 Cyrus
752 2430 881 2516 quidem
896 2429 966 2494 brec
982 2432 1130 2494 moriens.

208 2513 320 2579 XXII
342 2562 350 2580 .
375 2515 453 2593 Nos,
469 2516 496 2579 si
511 2514 624 2602 placet,
640 2529 750 2581 nostra
764 2515 933 2580 rideamus.
978 2516 1085 2580 Nemo
1098 2536 1238 2599 unquam
1248 2511 1343 2590 mihi,

166 2600 287 2686 Scipio,
313 2602 525 2687 persuadebit,
552 2620 606 2667 aut
628 2617 752 2687 patrem
778 2616 872 2665 tuum*
892 2600 1038 2678 Paulum,
1065 2616 1121 2666 aut
1145 2603 1227 2665 duos
1253 2621 1340 2675 avos,

164 2685 305 2755 Paulum
331 2701 362 2753 et
388 2688 585 2766 Africanum,
613 2702 670 2753 aut
699 2688 844 2752 Africani
871 2700 992 2772 patrem
1018 2702 1073 2750 ant
1095 2700 1258 2773 patruum,
1287 2696 1340 2748 aut

162 2774 283 2839 multos
294 2786 479 2861 praestuntes
488 2776 583 2851 uiros,
598 2796 680 2859 quos
689 2794 875 2837 enumerare
886 2794 950 2836 uon
966 2787 1014 2837 est
1023 2795 1158 2849 necesse,
1175 2786 1266 2836 tanta
1277 2788 1341 2834 esse

163 2870 308 2938 cursem,
337 2883 409 2948 quae
431 2859 471 2923 ad
497 2860 688 2944 posteritatis
714 2860 900 2927 memoriam
924 2860 1130 2944 pertinerent,
1155 2858 1343 2922 nisianimo

163 2958 333 3009 seruarent
400 2947 571 3010 steritntem
588 2944 629 3008 ad
655 2967 688 3008 se
713 2946 882 3029 pertinere.
928 2946 1125 3023 Aurenses,
1151 2950 1202 3028 (nt
1223 2944 1264 3006 de
1287 2962 1338 3005 me

164 3029 237 3116 ipso
250 3031 347 3116 aliqui
372 3076 382 3107 ,
399 3034 487 3095 more
498 3048 618 3107 senum,
635 3030 767 3116 glorier)
784 3042 954 3095 metantes
976 3031 1099 3094 labores
1113 3030 1247 3094 diurnos
1259 3044 1335 3090 noo·

162 3118 340 3202 ternosque
352 3115 440 3180 domi
456 3116 641 3203 militiaeque
661 3131 885 3203 suscepturum*
904 3116 1008 3192 fuisse,
1035 3117 1062 3179 si
1085 3116 1196 3179 iisdem
1218 3113 1334 3177 finibus

160 3200 300 3286 gloriam
338 3218 449 3279 meum,
487 3202 601 3289 quibus
629 3202 749 3281 uitam,
786 3224 886 3266 essem
921 3199 1175 3266 terminaturus?
1219 3199 1337 3263 Nonne

162 3288 278 3352 melius
315 3288 416 3357 multo
449 3287 565 3366 fuisset,
607 3289 755 3352 otiosam¹
781 3302 907 3354 aetetem
933 3300 964 3351 et
992 3289 1131 3373 quietam
1166 3282 1234 3351 sint
1269 3283 1340 3349 uilo

162 3369 274 3436 lubere
290 3375 553 3439 etcoriteutione
574 3373 766 3438 traducere?
789 3376 863 3453 Sed,
879 3376 985 3438 nescio
1007 3373 1179 3460 quomodo,
1202 3372 1342 3449 animus,-

161 3457 288 3540 erlgen's
321 3482 367 3535 se,
400 3462 616 3545 posteritatem
649 3480 774 3546 semper
805 3462 850 3523 ita
883 3460 1103 3544 prospiciebat,
1119 3459 1241 3546 quasi,
1267 3457 1338 3522 crim

161 3542 387 3606 excessissetb
410 3544 487 3621 vrrs,
511 3558 583 3611 tnnr
601 3546 741 3634 deniqne
762 3546 899 3609 victurus
922 3558 1025 3610 esset:
1089 3545 1131 3610 od
1153 3545 1282 3631 quidem
1300 3541 1336 3603 ni

159 3627 208 3691 ita
228 3646 267 3688 se
283 3625 423 3704 liaberet,
446 3644 482 3693 nt
504 3632 601 3695 animi
625 3631 819 3695 immortales
841 3641 952 3707 esseut,
979 3631 1042 3696 hau
1096 3632 1208 3717 optimi
1230 3628 1332 3711 qu'trs¹

154 3732 229 3801 ‚que
245 3712 369 3778 auinins
390 3713 532 3777 maxime
554 3717 595 3780 a‘d
617 3714 864 3781 immortalitatis
876 3715 1011 3801 gloriam
1027 3719 1187 3782 niteretur.
1229 3711 1332 3788 Quid,

160 3797 518 3887 qubd'sapiemissimus
562 3801 676 3888 nisque
699 3801 881 3884 aequissimo
910 3802 1019 3867 anima
1041 3805 1181 3880 moritur,
1213 3798 1336 3863 surris-

159 3887 272 3952 simus·
288 3881 509 3973 iniquissimo?
579 3906 665 3950 onne
697 3888 786 3951 tobis
817 3885 943 3951 videtur
973 3888 1097 3952 animus
1123 3890 1160 3963 is,
1185 3885 1242 3973 qni
1263 3884 1338 3971 plus
1439 3956 1443 3965 ,

158 3986 271 4039 oernat
298 3985 329 4038 et
354 3968 490 4058 longuis,
523 3970 633 4035 uidere
656 3993 689 4034 se
711 3972 753 4036 ad
775 3970 909 4036 meliora
928 3974 1105 4060 proficisci3
1141 3974 1195 4038 ille
1216 3985 1331 4045 antem,

157 4058 212 4121 eni
245 4059 388 4125 obtusior
416 4057 456 4122 sit
484 4057 576 4133 acies,
614 4074 679 4119 non
714 4056 845 4122 videre?
889 4054 1047 4147 Equidem
1076 4060 1196 4125 efferor
1229 4055 1333 4122 suno

156 4154 417 4226 patres‘restros,
431 4164 512 4233 quos
526 4143 611 4209 colun
626 4152 660 4207 et
673 4140 783 4222 dilexi,
798 4144 949 4210 videndi:
971 4162 1076 4230 neque
1088 4144 1167 4210 verb
1180 4139 1336 4210 eossolut

103 4230 107 4235 ’
154 4233 328 4297 ‘convenire
342 4254 432 4316 areo,
447 4253 527 4320 quos
541 4232 608 4319 ipse
623 4229 777 4317 coguovit
800 4231 868 4296 sed'
881 4229 951 4295 illos
958 4230 1074 4311 etiam,
1093 4231 1135 4296 de
1149 4232 1333 4319 qutuasan
