2959 4959
138 339 193 405 xsi
492 333 542 404 M.
566 337 732 404 TULLI'I
749 336 1013 409 CICERONIS

139 465 253 534 Plures
270 469 343 554 ejus
363 466 527 532 sentortioe
546 461 741 553 acquisiere.
786 463 918 530 Censuit
933 465 974 531 T.
996 467 1097 548 Nero,
1123 482 1160 535 ut
1182 471 1215 535 in
1229 467 1367 539 vinculis

136 564 337 629 tenerentur3
362 552 401 618 C.
418 552 534 629 Cesar,
557 564 602 629 ut,
618 552 709 616 bonis
721 572 833 615 eorum
849 551 1025 637 publicatis,
1043 577 1100 640 per
1115 559 1286 643 municipia
1300 561 1366 624 cir·

138 639 380 705 orrmferrentur.
412 637 538 702 Cicero
552 637 585 700 in
601 651 906 725 utramquepartem
921 637 1079 718 disseruit,
1102 665 1140 707 nc
1156 644 1198 708 ita
1212 643 1303 722 dixit,
1321 651 1365 711 ut

135 723 241 789 favere
251 723 354 811 potids
366 723 464 790 Silani
473 721 567 810 quaint
582 722 717 787 eliorum
731 722 1073 789 sententiaevideretur.
1111 726 1155 792 Et
1165 730 1236 795 lraec
1247 746 1365 818 quarta

136 811 204 911 ejus
218 812 252 875 in
269 809 436 875 Catilinam
449 807 628 873 oratiofuit.
667 808 795 895 Reliqui
808 809 976 874 Senatores
987 810 1107 875 Caesari
1117 815 1246 900 quidem
1258 839 1364 882 assen-

136 897 314 971 bebantur3
337 895 403 971 sed,
420 892 492 959 esim
509 894 601 971 Ceto,
616 892 782 959 Tribunus
797 893 908 978 plebis,
924 898 1110 961 sententiam
1125 915 1256 985 rogatus
1270 915 1362 982 esset,

135 981 228 1046 tentis
238 979 440 1046 contentione
452 980 544 1057 dixit,
559 991 604 1057 ut,
620 981 675 1066 qui
690 1001 745 1044 sos
758 977 779 1044 ri
793 995 896 1044 morte
908 981 1093 1061 eximerent,
1109 1001 1271 1070 suspectos
1284 1010 1364 1054 con.

128 1067 307 1154 jurationis
323 1065 487 1130 redderet:
518 1078 566 1130 tot
591 1065 738 1130 laudibus
759 1065 955 1131 sedulitatem
980 1081 1014 1131 et
1038 1069 1184 1134 virtutem
1212 1073 1363 1139 Consulis

133 1152 258 1229 extulit,
282 1164 318 1216 ut
340 1152 406 1238 ejus
428 1151 614 1218 sententiam
631 1152 770 1216 universi
795 1153 893 1216 secuti
916 1154 991 1217 sint.
1035 1154 1148 1303 ltatpue
1171 1158 1289 1222 factum
1314 1174 1364 1226 est

136 1236 464 1303 Constitu-consultum
489 1239 520 1300 in
539 1236 670 1301 Catonis
683 1238 882 1312 sententiam,
904 1260 968 1324 quo
991 1238 1097 1304 Lentu
1113 1264 1159 1319 us,
1187 1240 1360 1330 Cethegus,

135 1322 287 1400 Statilius,
299 1322 466 1400 Gabinius,
479 1336 510 1386 et
521 1323 696 1408 Caeparius,
709 1323 757 1387 rei
767 1324 1003 1408 conjurationis,
1015 1340 1117 1391 toorte
1128 1327 1252 1392 multati
1266 1344 1361 1409 sunt,

130 1420 227 1494 atque
240 1409 285 1474 ita
301 1408 424 1486 Cicero,
438 1404 508 1471 sind
519 1408 667 1485 tumultu,
683 1405 753 1473 sine
767 1409 873 1484 armis,
897 1407 965 1472 sine
979 1412 1132 1490 exercitu,
1149 1413 1281 1479 sublatis
1296 1414 1360 1482 illis

131 1492 324 1572 bominibus,
347 1494 563 1558 internecione
585 1495 677 1571 cives,
701 1493 811 1558 urbem
825 1493 971 1571 flamma,
997 1496 1156 1583 Rempub.
1178 1499 1360 1584 perditione

130 1578 285 1644 liberavit.
331 1579 454 1644 Mirum
479 1592 584 1643 autem
599 1579 667 1656 fuit,
690 1601 755 1666 quo
777 1578 890 1664 plausu
906 1582 965 1645 sub
979 1604 1144 1667 vesperam
1167 1586 1200 1648 in
1225 1586 1360 1652 domurn
1389 1577 1397 1590 ⁸

132 1664 248 1731 Cicero
262 1665 409 1730 reduetus
423 1678 487 1741 est;
512 1687 585 1729 nam
600 1665 654 1730 alii
668 1687 741 1730 eum
755 1665 867 1750 patrioe
882 1665 1095 1747 liberatorem,
1122 1670 1176 1734 alii
1190 1691 1360 1737 conserva·

128 1763 244 1830 torem,
257 1751 310 1816 alii
322 1749 532 1830 conditorem,
544 1751 710 1816 vocabat.
756 1751 889 1816 Crassus
898 1749 1005 1838 palem
1019 1753 1111 1834 dixit,
1127 1779 1170 1835 aa,
1182 1757 1268 1844 qudd
1278 1771 1361 1824 esset

128 1838 276 1916 Senator,
315 1836 377 1903 ubd
392 1837 479 1915 civis,
494 1835 580 1925 qubd
592 1838 683 1916 liber,
705 1837 855 1902 Ciceroni
869 1853 1034 1924 acceptum
1049 1840 1175 1907 referre.
1218 1841 1359 1930 ESyrit

125 1923 283 1990 decedens
292 1859 471 2009 l³ompeius
486 1925 703 2009 pronuntiavit
716 1921 751 1986 se
766 1923 930 1988 Ciceronis
953 1925 1110 1990 beneficio
1123 1929 1260 2015 patriam
1274 1930 1358 1995 viso·

127 2031 200 2075 rum
215 2031 291 2084 esse,
302 2034 340 2076 ac
353 2007 469 2074 srustrd
482 2032 516 2072 se
530 2011 657 2073 tertium
672 2007 869 2091 triumphurn
885 2008 1138 2091 deportaturum,
1154 2015 1214 2076 nisi
1223 2018 1289 2099 ejus
1304 2016 1359 2081 be·

126 2090 981 2239 neficioRempub.ubitriumplsaret,essetbabiturus.
1006 2094 1050 2169 Q.
1065 2095 1358 2172 casulaesenattu

126 2181 284 2267 princeps,
297 2180 412 2264 aliique
423 2199 496 2241 cum
511 2200 550 2241 eo
564 2199 585 2261 p
599 2178 702 2253 urimi,
718 2198 792 2239 eum
807 2191 971 2259 parentem
985 2179 1099 2263 patriae
1113 2180 1335 2250 nominarunt.

170 2265 245 2338 Non
271 2264 408 2340 defuere,
459 2263 491 2326 ui
512 2262 771 2349 gloriosissimum
802 2261 966 2327 Ciceronis
987 2261 1109 2330 facinus
1138 2268 1170 2330 in
1199 2268 1356 2336 invidiam

126 2346 263 2427 umere,
280 2350 312 2413 in
328 2348 438 2449 primis
493 2347 603 2412 etellus
618 2362 650 2412 et
661 2348 777 2424 Bestia,
794 2347 869 2411 novi
881 2346 1020 2411 Tribuni
1035 2349 1147 2433 plebis,
1164 2354 1219 2417 sed
1237 2353 1356 2421 Metal·

123 2435 175 2501 lus
197 2450 384 2522 praesertim,
405 2434 461 2584 poi
486 2431 589 2518 pridie
613 2432 688 2498 Kal.
711 2432 855 2497 Jnnuarii
877 2455 950 2498 eum
975 2434 1145 2500 abeuntem
1166 2440 1354 2526 magistratu

120 2522 401 2590 eoncionisbaben
426 2543 455 2584 ae
474 2531 628 2605 potestate
652 2519 798 2604 privarit.
843 2520 889 2583 At
913 2519 955 2583 id.
970 2541 1036 2584 non
1052 2521 1149 2586 modi>
1163 2546 1228 2589 non
1249 2525 1354 2594 obfuit

121 2609 284 2687 Ciceroni,
307 2619 344 2672 ut
357 2607 450 2671 etiam
461 2625 594 2670 summas
603 2606 668 2691 ejus
683 2605 768 2669 laudi
783 2605 919 2670 cesserit
965 2604 1060 2684 Nam,
1075 2606 1147 2672 celtu
1159 2611 1212 2674 ille
1226 2611 1353 2678 tantdm

13 2731 15 2736 v
123 2717 196 2762 enm
212 2698 321 2782 jurare
334 2693 538 2779 permitteret,
555 2690 798 2839 Rempublicam
818 2706 851 2756 et
864 2692 973 2756 urbem
989 2690 1048 2755 suti
1065 2693 1271 2783 unius'operb
1285 2719 1353 2763 esse

123 2782 241 2847 salvam
260 2780 390 2866 juravit.
436 2778 525 2843 Huic
546 2798 633 2863 popu
648 2800 684 2841 us
702 2777 850 2842 assensit:
874 2799 949 2841 nam
963 2777 1082 2865 magnii
1097 2803 1175 2849 voce
1188 2805 1262 2850 eum
1276 2787 1352 2850 vere

114 2865 241 2955 jnrbsse
250 2866 378 2952 juravit.

396 2996 559 3064 ANNUS
584 2995 728 3064 URBIS
752 2996 983 3066 CONDITAE
1005 3011 1079 3069 691.
1108 2948 1112 2970 Ι

287 3109 364 3171 Coss.
383 3109 474 3170 Juuio
490 3107 598 3179 Silano,
616 3107 731 3167 Licinio
745 3110 881 3181 Marsaci,
900 3121 967 3171 ante
982 3112 1123 3184 Christum
1135 3119 1186 3178 61.

474 3187 617 3247 Ciceronis
629 3188 858 3268 quadragesimae
870 3191 995 3269 quintus.
1166 3257 1195 3276 .=

164 3294 205 3360 L.
222 3294 369 3371 Catilina,
394 3303 466 3376 post
489 3289 644 3355 detectam
659 3302 691 3354 at
716 3313 755 3355 ue
791 3293 912 3357 unitam
936 3296 970 3358 in
989 3295 1069 3360 urbe
1083 3298 1346 3384 conjurationem,
1373 3330 1375 3343 ·

117 3401 193 3446 cum
208 3379 359 3456 exercitu,
405 3397 475 3440 uem
496 3374 666 3462 collegerat
713 3426 720 3441 .
778 3377 880 3443 aniius
899 3380 931 3443 in
954 3380 1097 3458 Etrurii,
1111 3382 1275 3471 profugus,
1291 3385 1348 3449 de·

119 3465 324 3531 sciscentibus
335 3399 451 3539 multis,
467 3462 616 3546 damper
631 3462 772 3541 tramites
787 3478 880 3550 utque
894 3465 980 3530 invia
988 3481 1170 3534 conaturus
1180 3472 1347 3557 proripere

119 3553 153 3615 in
169 3550 308 3617 Galliam
333 3547 587 3633 Transalpinam,
610 3548 643 3610 in
668 3571 747 3636 agro
764 3548 959 3629 Pistoriensi,
984 3549 1005 3614 d
1028 3553 1067 3618 C.
1083 3556 1227 3620 Antonio
1248 3570 1281 3621 ot
1300 3556 1347 3633 Q.

119 3636 255 3702 Metello
270 3633 381 3701 Celere
394 3634 508 3699 clausis
532 3632 697 3698 itineribus
711 3635 864 3713 obsessus,
889 3637 928 3701 C.
944 3638 1079 3703 Antonii
1095 3639 1225 3706 Procos.
1239 3641 1348 3726 auspi·

117 3722 184 3801 ciis,
200 3720 221 3785 d
234 3722 281 3785 M.
294 3721 420 3785 Petreio
436 3721 502 3805 ejus
509 3719 625 3805 legato,
641 3741 707 3784 uno
718 3721 866 3787 conflictu
879 3723 989 3801 victus,
1000 3721 1068 3809 ipse
1079 3747 1152 3791 cum
1167 3727 1230 3792 suis
1241 3728 1347 3791 omni·

118 3810 177 3876 bns
191 3802 359 3873 fortissime
374 3805 528 3870 dimicans
549 3805 673 3870 cecidit.
717 3805 878 3885 Metellus,
903 3808 1068 3875 Tribunus
1090 3811 1203 3898 plebis,
1227 3812 1267 3877 ad
1283 3833 1345 3898 po-

116 3894 228 3981 pulum
243 3894 317 3981 egit,
342 3892 438 3956 tertio
451 3914 578 3979 quoque
591 3913 656 3956 sore
679 3893 833 3974 orationis
847 3894 945 3960 verbo
960 3893 1149 3964 Ciceronem
1169 3899 1344 3984 appellans,

116 3994 149 4046 et
162 4002 299 4069 arguens
313 3978 342 4043 ei
357 3977 421 4043 non
435 3977 557 4043 licuisse
575 3976 756 4056 Lentulum,
782 3978 969 4080 Cethegum,
985 3993 1018 4045 et
1032 3982 1170 4071 reliquos
1184 3986 1278 4061 cives,
1294 3985 1346 4048 in·

116 4065 200 4131 distri
215 4064 311 4140 causis
335 4062 474 4129 necesse.
520 4063 634 4128 Cicero
654 4063 729 4128 forti
744 4065 893 4130 animost
917 4067 1042 4146 restitit,
1065 4083 1098 4133 et
1111 4081 1222 4133 contra
1236 4069 1345 4133 conci-

115 4172 211 4215 onem
237 4150 359 4217 Metelli
387 4150 520 4234 scripsit,
554 4146 626 4213 cdnr
651 4148 704 4214 ills
731 4151 821 4236 prior
845 4152 1029 4237 scripsisset.
1083 4153 1237 4219 Defendit
1257 4154 1344 4219 uiros

117 4235 200 4301 idem
227 4250 351 4322 tempus
370 4236 405 4302 Ρ.
426 4234 612 4300 Cornelium
636 4235 768 4321 Syllam,
813 4235 887 4301 uis
913 4238 953 4303 L.
970 4238 1137 4328 Torquato
1161 4237 1203 4304 de
1221 4238 1344 4325 duplici

114 4322 556 4409 nonjuratioueaconsabatur.
598 4320 652 4387 De
665 4322 774 4408 priore
787 4259 870 4389 dixit
886 4322 1091 4407 Hortensius,
1114 4325 1156 4394 de
1166 4326 1344 4413 posteriore
1424 4335 1435 4356 ”
