2959 4959
493 392 559 461 ns
581 390 876 461 sannorum.
1200 394 1291 470 nr*
1356 495 1359 499 ¹

98 506 143 584 Et
155 518 269 618 mults,
289 516 433 600 fortusse,
455 543 525 622 quse
538 516 621 621 uult:
643 534 739 621 atque
752 520 786 587 iu
803 521 994 610 sequidem,
1019 545 1092 611 qnte
1104 545 1170 589 nou
1182 525 1262 605 vult,

95 624 182 705 serpe
203 617 300 671 ettam
322 603 532 672 adolescentis
551 618 697 672 incurrit.
740 606 923 704 lllndorerb
942 608 1033 674 idem
1056 609 1203 675 Caecilius
1215 610 1264 675 vi·

89 689 227 754 mm
261 774 335 834 Tam
347 774 471 858 equidem
483 777 513 836 iu
526 776 635 838 meod
647 776 698 837 lt'oo
709 777 810 861 deputo
822 779 1017 852 miscuissem,

256 854 369 914 Sortito
379 856 414 915 ed
424 865 506 915 atate
516 876 576 916 csse
587 876 617 917 se
629 856 754 916 odiosum
764 857 857 921 alteri.

95 943 281 1013 Jucundum
354 948 409 1027 ids,
430 947 528 1050 qudm
552 949 718 1015 odiosumz
740 964 777 1015 nt
790 953 874 1016 enim
899 950 1153 1018 adolescentibus
1173 948 1262 1018 boob

92 1030 245 1120 indolep
313 1033 364 1098 itis
386 1048 543 1120 saptentes
564 1052 654 1099 senes
673 1035 879 1114 delectantur,
905 1036 1066 1125 leviorque
1088 1036 1126 1101 fit
1149 1056 1261 1103 eorum

84 1130 252 1195 senectus,
274 1117 327 1205 qui
340 1115 361 1181 d
375 1119 544 1205 juventute
557 1119 706 1184 coluntur
721 1133 753 1184 et
771 1121 948 1207 diliguntur
957 1145 966 1199 ;
989 1123 1034 1187 sic
1048 1122 1261 1188 adolescentes

92 1222 205 1267 senum
254 1204 396 1290 receptis
417 1204 569 1292 gaudent,
592 1205 706 1292 quibus
728 1204 769 1270 sd
783 1206 935 1270 virtutum
961 1207 1064 1270 studia
1077 1207 1259 1274 ducunturt

14 1336 16 1371 ‚
90 1300 154 1352 nec
167 1226 271 1352 miuls
284 1288 430 1377 intelligo
443 1311 495 1353 me
508 1289 608 1366 vobis,
631 1289 728 1377 quam
743 1312 798 1355 vos
812 1290 891 1355 milri
906 1313 973 1355 esse
980 1290 1150 1378 jucundos.
1194 1290 1260 1360 Sed

14 1416 19 1456 ¹
89 1371 214 1450 videtis,
237 1388 274 1440 ut
285 1389 430 1440 senectus
444 1396 510 1439 non
531 1374 628 1440 modb
653 1375 803 1463 languida
828 1389 922 1463 utque
943 1377 1028 1439 iners
1052 1378 1184 1456 nonsit,
1206 1401 1260 1444 ve·

14 1504 21 1543 ι
88 1457 164 1521 rum
179 1459 276 1522 etiam
298 1459 495 1546 sitopsrosa,
517 1472 549 1525 et
569 1482 693 1547 semper
717 1483 814 1549 agens
832 1458 952 1548 aliquid
977 1474 1009 1525 et
1022 1461 1173 1539 moliens;
1195 1462 1259 1528 tsle
1346 1468 1348 1471 ’

14 1590 19 1630 ,
89 1542 222 1620 scilicet,
253 1544 345 1632 quale
369 1547 520 1632 cujusque
547 1545 686 1611 studium
712 1547 744 1610 iu
768 1546 929 1633 superiore
950 1543 1014 1611 vitri
1039 1545 1110 1611 fuit.
1156 1546 1257 1625 Quid,

14 1680 15 1687 '
70 1623 1258 1782 ·till„tlttll¹⁵⁰⁰lltltllll¹lsilltlitmltllttlttltlsstl}

86 1810 128 1863 ut
141 1820 202 1887 ego
215 1737 290 1878 icles?
298 1802 353 1902 qui
368 1738 500 1866 hilgotus
513 1738 724 1867 litenisenex
732 1800 829 1866 didici
837 1826 847 1878 3
869 1763 948 1888 qnbs
962 1798 1091 1887 quidem
1106 1801 1151 1866 sic
1164 1766 1259 1867 avide

87 1882 222 1970 arripui,
234 1907 323 1972 quast
333 1886 516 1952 diuturnam
531 1888 616 1951 sitim
632 1886 761 1986 explere
768 1886 908 1971 cupiens,
923 1897 1005 1950 utea
1015 1885 1083 1969 ipsa
1091 1886 1170 1950 mihi
1180 1899 1259 1952 nota

87 1984 206 2048 essent,
231 1971 344 2057 quibus
371 1994 422 2035 me
443 1994 528 2037 nuuc
542 1970 695 2059 exemplis
715 1972 760 2036 uti
776 1970 900 2036 videtis.
944 1969 1043 2048 Quod
1063 1967 1134 2035 edm
1148 1969 1258 2036 fecisse

87 2055 258 2120 Socratem
283 2056 316 2120 in
330 2056 446 2122 fidibus
470 2056 625 2135 audirem,
648 2055 759 2120 vellem
815 2057 920 2121 uidem
935 2068 967 2120 et
980 2053 1059 2119 illud
1079 2054 1259 2136 [discebant

87 2139 178 2204 anim
193 2139 308 2205 fidibus
321 2141 477 2230 antiqui]:
500 2141 556 2209 sed
571 2143 603 2207 iu
617 2142 716 2206 literis
730 2078 818 2206 'coil
1195 2196 1199 2205 .
1335 2130 1340 2143 ’

134 2218 199 2289 ΙΧ.
224 2224 291 2291 Nec
316 2249 401 2294 nunc
425 2228 552 2318 quidem
582 2227 664 2293 vires
689 2226 833 2292 desidero
857 2225 1075 2302 adolescentis,
1107 2226 1147 2310 (is
1171 2225 1258 2290 enim

86 2320 158 2376 erat
180 2309 269 2376 locus
283 2313 362 2379 alter
376 2315 417 2379 de
436 2315 518 2379 vitiis
532 2313 715 2391 senectutis)
739 2333 803 2376 nou
827 2310 908 2396 plbs,
931 2308 1038 2398 qudm,
1061 2309 1277 2399 adolescere

86 2395 173 2460 tauri
182 2412 239 2462 aut
248 2397 408 2481 elephanti
419 2397 646 2464 desiderabam.
691 2396 789 2475 Quod
800 2410 857 2473 est,
869 2395 1008 2462 eodecet
1019 2395 1084 2472 uti;
1108 2412 1150 2472 et,
1163 2396 1257 2484 quid*

85 2478 169 2567 quid
190 2502 275 2564 agas,
298 2502 393 2581 ogere
435 2503 473 2544 ro
496 2483 623 2549 viribus.
668 2483 752 2559 Quoe
773 2482 858 2546 enim
879 2504 944 2546 vox
964 2494 1069 2567 potest
1091 2498 1157 2546 esse
1178 2503 1257 2546 cous
1284 2506 1297 2521 r
1373 2508 1375 2511 ·

85 2563 252 2655 temptior,
279 2585 374 2650 quam
432 2564 524 2629 ilonis
544 2565 763 2631 Crotoniatae?
784 2567 848 2664 qui,
875 2565 947 2631 edm
967 2567 1035 2651 jam
1049 2586 1145 2629 senex
1164 2579 1255 2643 esset,

83 2647 287 2747 athletasque
300 2670 333 2713 se
348 2649 381 2711 in
403 2648 562 2714 curriculo
574 2664 756 2715 exercentes
770 2650 900 2729 videret,
921 2650 1101 2798 &ffatim
1121 2648 1256 2714 lacertos

85 2740 163 2799 siros
185 2733 313 2811 dicitur,
338 2732 601 2822 illacrymansque
624 2735 752 2814 dixisse,
783 2742 830 2799 At
855 2734 887 2799 ti
911 2733 965 2822 qu'
984 2756 1032 2798 em
1048 2735 1120 2819 jum
1143 2732 1264 2796 mortui·

84 2828 171 2884 sont.
216 2818 291 2883 Non
314 2817 391 2883 verb
413 2835 478 2884 tom
498 2819 560 2898 isti,
582 2818 678 2906 qudm
704 2820 838 2906 tuipse,
864 2833 1020 2908 nugator:
1043 2839 1145 2905 neque
1169 2819 1255 2883 enim

85 2925 130 2970 ex
155 2915 187 2968 te
212 2925 352 2991 unquam
379 2902 412 2970 es
434 2904 628 2982 nobilitatus,
655 2906 709 2969 sed
733 2927 773 2970 ex
801 2904 952 2973 lateribus
975 2914 1008 2969 et
1034 2902 1158 2968 lsoertis
1182 2904 1255 2969 tuis.
1284 2979 1286 2985 y

86 2988 181 3055 Nihil
193 2988 308 3055 Sextus
317 2987 422 3054 AElius
433 2990 512 3067 tsle3
534 2989 625 3068 nihil,
643 2989 751 3056 multis
762 2991 854 3055 annis
863 2990 947 3068 onte,
960 2989 1003 3055 T.
1016 2988 1255 3066 Coruncanius}

84 3072 170 3138 nihil
191 3073 288 3140 modb
316 3075 354 3140 P.
371 3076 521 3153 Crassus3
544 3073 692 3163 dquibus
709 3077 784 3162 jura
805 3074 925 3153 civibus
949 3074 1235 3161 praescribebantur
1242 3097 1254 3152 ς

40 3214 49 3223 .
110 3178 223 3224 norum
250 3161 415 3249 usquead
444 3175 621 3226 extremum
649 3163 795 3252 spiritum
822 3173 869 3225 est
897 3172 1048 3247 provecta
1073 3159 1253 3244 prudentis.

85 3331 95 3345 ι
122 3258 209 3345 rator
223 3259 331 3310 metuo
346 3269 386 3312 ne
405 3246 591 3336 languescat
604 3260 791 3346 *senectutes
810 3258 858 3347 est
870 3246 956 3310 euim
970 3266 1086 3345 munus
1099 3245 1165 3329 ejus
1187 3264 1255 3308 non

83 3329 1256 3503 ttttlltll‘ltttlltlttlmflttttlttlb,ltlttlttll‘ll

83 3497 238 3585 equidem
259 3498 366 3565 adhuc
387 3522 452 3565 non
475 3506 583 3569 amisi:
607 3516 639 3567 et
654 3502 764 3566 videtis
786 3522 903 3565 annos:
927 3500 980 3565 sed
1004 3511 1109 3565 tamen
1129 3511 1177 3563 est
1199 3499 1258 3565 de

84 3606 179 3649 corus
194 3606 299 3648 sermo
316 3585 398 3650 aenis
412 3588 535 3673 quietus
548 3602 581 3652 et
606 3587 770 3660 remissus3
792 3585 928 3683 fecitque
941 3607 1084 3671 persaepe
1107 3586 1175 3686 ipsa
1193 3585 1253 3653 sibi

84 3668 280 3734 audientiam
294 3669 404 3735 diserti
418 3672 500 3736 senis
518 3685 645 3759 compta
660 3685 692 3736 et
707 3670 791 3734 mitis
804 3686 916 3734 oratio.
962 3669 1061 3749 Quod
1076 3670 1102 3735 si
1117 3692 1184 3756 ipse
1198 3686 1256 3734 ex*

84 3754 176 3852 sequi
196 3776 343 3856 nequeas,
366 3756 466 3841 possis
486 3770 592 3823 tamen
619 3755 761 3843 Scipioni
784 3756 958 3842 praecipere
978 3766 1010 3821 et
1033 3756 1154 3821 Laelio:
1176 3753 1255 3839 quid

83 3858 173 3904 emm
186 3850 233 3902 est
241 3840 415 3926 jucundius
428 3854 587 3906 senectute
600 3839 715 3927 stipatb
729 3839 842 3925 studiis
851 3840 1047 3926 juventutis?
1079 3843 1131 3904 Art
1145 3860 1187 3901 ne
1200 3848 1255 3901 eas

85 3921 217 4009 quidem
246 3927 333 3990 sires
354 3927 506 3991 senectuti
535 3926 759 4013 relinquemus,
788 3937 823 3992 ut
851 3923 1100 3991 adolescentulos
1128 3922 1254 3998 doceatt
1335 3922 1340 3934 '
1379 3978 1384 3997 ,

84 4009 241 4085 instituat,
273 4010 313 4073 ad
337 4032 435 4077 omne
458 4010 555 4077 officii
580 4030 693 4076 munus
717 4009 878 4077 instruat?
913 4034 978 4098 quo
1001 4009 1129 4095 quidem
1155 4018 1283 4090 opere·
1321 4018 1324 4023 ’

85 4093 164 4180 quid
177 4106 283 4180 potest
306 4116 371 4160 esse
408 4093 594 4163 roeelarius?
637 4095 721 4161 Mihi
736 4095 814 4161 verb
838 4095 899 4160 Cn.
915 4108 947 4160 et
969 4094 1007 4159 P.
1024 4092 1198 4175 Scipiones,
1219 4100 1255 4155 et

83 4178 285 4258 evitatura,
310 4180 350 4246 L.
410 4182 514 4247 milius
524 4195 556 4247 et
571 4180 608 4245 P.
624 4181 806 4258 Africanus,
829 4181 980 4245 comitatu
995 4174 1150 4242 nobilium
1160 4175 1254 4260 juve·

83 4283 164 4329 num
179 4264 330 4332 fortunati
344 4266 551 4333 videbantur:
574 4286 633 4332 nec
655 4266 711 4331 ulli
725 4268 882 4331 mustum
897 4263 1014 4328 artium
1029 4261 1172 4347 magistri
1185 4282 1254 4327 nou

436 4400 643 4477 {repemina
654 4409 731 4481 aab·
741 4401 896 4487 talamum:-
1020 4450 1025 4459 .

832 2140 1002 2206 elaboravi.
