2959 4959
689 297 823 368 -rrrn
986 267 993 281 '
1290 309 1388 379 «aaa

149 443 264 489 meum
279 421 414 502 cecidit,
430 425 559 490 castella
574 426 785 494 munitissima
798 443 959 497 nocturno
979 431 1142 519 Pomptini
1153 434 1250 524 legati
1264 438 1385 506 suiad·

147 524 250 587 rentu,
273 523 307 575 et
321 533 386 575 suo
401 512 560 574 matutino
574 513 668 598 cepit,
695 527 790 603 atque
804 516 961 596 incendit3
984 520 1313 607 moxqualmperator
1331 538 1380 592 est

144 595 330 681 appellatus.
364 592 449 661 Inde
467 595 704 678 Pindenissum,
719 600 874 687 oppidum
887 603 1142 684 munitissimum,
1159 606 1261 671 modis
1275 610 1382 675 omui·

145 680 206 748 bus
219 705 287 767 opp
374 695 456 759 tum,
477 696 551 766 post
565 684 734 767 septimum
759 699 792 752 et
828 689 1101 788 uinquageaimum
1116 691 1202 756 diem
1216 692 1382 761 deditione

145 769 281 866 aceepit.
350 767 602 867 umi'ntbiberna
616 773 790 837 exercitum
804 711 933 854 dimisrt,
958 774 1050 861 eique
1076 776 1120 854 Q.
1143 776 1275 843 fratrem
1297 801 1383 866 prm·
1453 849 1457 862 ,

148 851 236 930 lectt,
257 856 308 940 qui
323 867 356 919 et
370 854 441 940 ipse
456 875 490 917 1n
506 855 574 940 ejus
588 853 698 942 legatis
713 856 782 924 luit.

421 1023 586 1092 ANNUS
609 1025 754 1094 URBIS
778 1023 1005 1097 CONDITAE
1028 1040 1102 1103 708.

240 1129 629 1235 conpresserat,
647 1162 979 1235 senonenses,
1000 1176 1066 1226 aas
1081 1165 1223 1228 osseum
1236 1173 1286 1234 ts.

484 1241 625 1301 Ciceronis
638 1243 881 1325 quinquagesimus
892 1244 1030 1325 septimus.

188 1360 243 1425 Ad
258 1360 322 1425 bos
338 1358 529 1424 &naulae
547 1360 659 1427 cilicia
672 1362 797 1448 scripsit
813 1361 936 1441 Cicero,
953 1366 1104 1453 petiitque
1119 1379 1154 1431 ut
1167 1366 1264 1466 quam
1275 1366 1384 1433 bono·

147 1446 418 1513 rilicentissimum
434 1446 755 1514 senatis-consultum
770 1448 916 1514 derebus
931 1449 948 1512 ri
964 1453 1103 1539 negastis
1122 1450 1301 1517 sacrandum
1323 1475 1381 1518 cu·

146 1546 266 1598 rarent.
312 1531 354 1596 Ei
372 1528 485 1596 revere
507 1553 569 1617 pro
590 1555 625 1597 re
647 1532 730 1598 bend
753 1533 843 1633 gestia
865 1534 1109 1620 supplicationes
1134 1538 1270 1603 decretae
1295 1550 1382 1604 sunt.
1439 1543 1445 1548 ’

151 1618 254 1684 Nonis
268 1618 415 1683 Januarii
432 1617 538 1682 Tarso
548 1618 707 1703 profectus
718 1618 778 1683 lust
793 1621 824 1683 in
842 1621 962 1698 Asiam,
986 1635 1021 1687 ut
1045 1623 1079 1686 in
1105 1625 1167 1687 suis
1190 1623 1382 1688 dioecesibus

144 1706 198 1791 jus
212 1704 345 1769 diceret
377 1703 428 1767 Ex
446 1702 525 1767 Asiei
539 1704 571 1767 in
589 1704 736 1769 Ciliciam
754 1703 855 1769 Nonis
869 1704 952 1770 Maii
966 1708 1117 1792 perrexit:
1141 1707 1306 1794 provincia
1324 1708 1382 1773 de-

148 1791 282 1866 cedens,
306 1789 346 1853 C.
369 1789 509 1853 Coelium
538 1789 740 1867 Quaestorem
766 1811 857 1853 suum
880 1792 909 1854 ei
930 1793 1084 1876 prefecit:
1114 1793 1256 1858 Athenas
1280 1794 1381 1872 venit,

151 1875 234 1940 indb
251 1874 465 1952 Brundisium,
489 1875 574 1940 unde
591 1876 730 1940 Romam
744 1896 887 1940 reversus
901 1888 958 1939 est.

425 2062 586 2129 ANNUS
612 2063 756 2130 URBIS
780 2062 1008 2130 CONDITAE
1031 2072 1105 2133 704.

193 2199 271 2259 Coss.
286 2198 320 2256 C.
335 2195 457 2258 Claudio
466 2196 616 2269 Marcello,
626 2200 663 2259 L.
675 2197 806 2260 Cornelio
814 2199 936 2260 Lentulo
950 2202 1050 2272 Crura,
1062 2209 1127 2259 ante
1142 2198 1284 2260 Christum
1292 2204 1341 2266 48.

505 2277 647 2338 Ciceronis
660 2278 904 2360 quinquagesimus
917 2289 1038 2340 manus.

196 2403 247 2470 M.
259 2403 370 2469 Tullio
385 2402 545 2481 Ciceroni,
556 2404 659 2490 pridie
671 2403 757 2470 Non.
768 2405 899 2471 Januar.
911 2406 951 2471 ad
964 2405 1087 2474 Urbem
1098 2407 1270 2482 accedenti,
1281 2408 1325 2472 sio
1334 2419 1383 2473 est

150 2489 281 2557 obviam
295 2490 472 2576 proditum,
494 2490 620 2554 utnihil
639 2489 735 2555 fuerit
759 2492 1027 2578 magnificentius:
1051 2505 1084 2557 at
1107 2495 1226 2557 invenit
1251 2494 1382 2579 plenam

152 2578 292 2642 motibus
306 2575 441 2640 internis
464 2575 705 2661 rempublicam,
730 2575 986 2643 dissentientibus
1012 2578 1166 2664 Pompeio
1189 2592 1221 2642 et
1245 2580 1383 2643 cesare.

155 2662 375 2728 Dixitomnia
389 2661 518 2738 etfacit,
542 2673 614 2748 quta
629 2663 669 2726 ad
685 2662 887 2727 concordiam
903 2663 1108 2748 pertinerent.
1153 2661 1205 2726 Ad
1223 2662 1384 2728 Caesarem

156 2761 193 2812 ct
209 2748 393 2833 Pompeium
418 2747 554 2833 scripsit,
580 2760 615 2812 ut
637 2759 809 2854 utrumque
855 2747 981 2825 laceret,
1006 2760 1170 2812 attestatus
1192 2745 1273 2811 nihil
1297 2746 1385 2814 civili
1440 2787 1445 2802 ‚

158 2833 243 2898 bello
257 2832 467 2898 miserabilius
481 2855 547 2898 esso
562 2833 597 2897 in
611 2833 782 2920 republica.
848 2833 900 2896 ism
917 2834 1023 2919 itaque
1034 2835 1134 2897 varias
1150 2833 1181 2895 in
1196 2848 1301 2918 partes
1316 2833 1388 2904 Ita·

155 2919 198 2984 lin
212 2918 373 3004 descripta
388 2932 478 2994 esset,
500 2933 534 2983 ut
552 2920 686 3006 quisque
703 2941 791 2984 suam
805 2931 928 3003 partem
943 2917 1175 2982 defendendam
1198 2920 1386 3005 susciperet,

156 3006 303 3091 Capuam
325 3005 442 3069 Cicero
464 3007 607 3091 sumpsit.
656 3002 760 3068 Roma
784 3005 882 3090 igitur
907 3005 1050 3089 Capuam
1075 3004 1234 3089 profectus
1259 3018 1305 3069 est
1332 3013 1389 3074 140·

155 3090 232 3157 Kal.
253 3091 330 3156 Feb.
345 3090 548 3177 lustratisque
562 3091 706 3167 Formiis,
734 3091 848 3155 iterum
866 3089 1011 3175 Capuam
1034 3089 1138 3166 rediit,
1161 3090 1214 3153 ubi
1240 3091 1385 3155 triduum

155 3177 224 3243 fuit
254 3178 293 3241 In
312 3174 463 3261 Apuliam
480 3178 497 3238 zi
517 3176 669 3262 Pompeio
684 3174 855 3240 advocatus
869 3189 926 3240 est.
973 3174 1047 3253 Sed,
1064 3174 1135 3239 edm
1151 3175 1183 3237 in
1200 3173 1251 3236 via
1274 3175 1387 3240 Caesar

156 3278 245 3341 esset,
261 3262 390 3326 Theani
407 3260 539 3327 Sidicini
556 3262 681 3338 mansit,
697 3261 783 3325 unde
799 3261 932 3347 Leptam
945 3283 1016 3327 curn
1033 3260 1130 3325 literis
1141 3260 1181 3323 ad
1194 3259 1386 3345 Pompeium

157 3351 252 3426 misit,
265 3369 471 3433 reversusque
486 3347 628 3412 Formias
648 3360 704 3411 est.
738 3347 909 3433 Pompeius
920 3345 995 3411 verb
1009 3346 1215 3411 Brundisium
1227 3346 1286 3409 iter
1297 3347 1383 3425 fecit,

181 3433 222 3499 ub
243 3434 432 3499 Ciceronem
448 3435 588 3498 vocavite
612 3432 667 3497 sed
690 3435 808 3498 mansit
832 3434 865 3496 in
893 3433 1075 3497 Formiano.
1121 3433 1230 3497 Caesar
1255 3433 1387 3496 interim

158 3456 344 3594 brundisio,
390 3516 433 3582 ub
457 3518 615 3610 ingressus
630 3531 698 3583 erat
712 3533 841 3605 postero
855 3517 916 3596 die,
941 3541 1005 3604 quo
1031 3518 1201 3603 Pompeius
1227 3517 1386 3604 oppidum

99 3631 105 3638 ·
155 3605 351 3683 deseruerat,
432 3627 515 3668 mam
531 3627 673 3669 resersus
687 3619 746 3669 est.
792 3603 842 3668 Eo
856 3605 889 3668 in
906 3606 1018 3669 itinere
1035 3605 1149 3668 Cicero
1164 3604 1253 3668 illum
1269 3623 1387 3667 conve·

156 3694 217 3757 nit:
239 3689 360 3756 deinde
376 3690 536 3774 Arpinum
546 3691 713 3777 profectus,
727 3690 772 3754 ibi
781 3688 892 3754 Tullio
902 3689 968 3753 lilio
979 3711 1037 3754 suo
1046 3705 1152 3775 togam
1164 3711 1274 3775 puram
1284 3686 1389 3764 dedit,

157 3778 339 3876 mansitque
352 3775 385 3839 in
401 3776 482 3840 villis
497 3799 604 3840 mense
620 3776 735 3861 Aprili,
757 3788 789 3839 et
804 3776 911 3852 Maio;
926 3789 958 3840 et
973 3782 1002 3844 7.
1025 3774 1101 3840 ldus
1115 3776 1133 3838 J
1139 3775 1203 3839 unii
1224 3773 1264 3837 ad
1290 3772 1389 3836 Pom·

157 3864 263 3949 peium
280 3884 314 3925 m
332 3861 491 3927 Graeciam
508 3862 678 3948 navigavit.
724 3860 802 3947 Ejus
816 3860 969 3925 adventus
983 3859 1090 3925 multis
1105 3876 1215 3948 gratus
1234 3857 1302 3932 fuit,
1329 3855 1387 3920 sed

158 3969 223 4014 non
239 3947 370 4025 Catoni,
394 3949 491 4033 siquo
508 3948 717 4032 reprehensus
739 3960 796 4025 est,
819 3944 907 4033 qubd
933 3946 1120 4031 Pompeium
1145 3957 1270 4009 secutus
1295 3953 1391 4020 esset,

156 4054 261 4121 neque
279 4032 448 4098 mansisset
467 4034 500 4097 in
520 4032 623 4111 Italib,
646 4033 741 4098 rebus
756 4039 992 4118 prospecturus.
1038 4030 1169 4095 Catonis
1195 4025 1297 4089 verbis
1319 4047 1389 4092 non

157 4120 364 4185 mediocriter
378 4133 555 4184 commotus
567 4129 625 4196 est,
641 4121 743 4206 eoque
752 4116 888 4205 gravida,
904 4116 990 4204 qubd
1006 4113 1095 4181 nulla
1105 4117 1171 4200 ejus
1181 4108 1280 4196 operia
1291 4111 1390 4178 Pom·

159 4206 249 4288 peius
264 4205 427 4270 utebatur:
446 4203 546 4292 quare
560 4226 633 4269 eum
644 4205 716 4269 sacti
728 4205 886 4289 poenituit,
904 4217 1044 4267 nontam
1059 4213 1190 4284 propter
1200 4220 1292 4263 suum
1303 4197 1391 4286 peri·

164 4290 280 4369 mlum,
301 4288 401 4377 quim
416 4307 547 4378 propter
561 4292 639 4355 vitis
655 4290 762 4369 multa,
786 4311 858 4377 quae
873 4290 919 4354 ibi
933 4285 1075 4353 offendit.
