2959 4959
79 347 82 352 ’
122 352 170 411 22
453 348 508 414 IN
530 345 791 424 ernestum,
813 344 1082 412 DIVINATIO.

193 514 199 522 ·
229 477 325 543 XVI.
348 478 574 555 Quamobrem,
591 476 616 538 si
625 476 699 561 jure
713 496 787 538 eum
824 496 907 538 ossea
922 496 1079 551 accusare,
1104 483 1217 556 tamen,
1236 469 1309 536 edm
1326 470 1358 533 is

183 563 245 629 tibi
259 565 400 648 parentis
414 574 566 628 ‘numero
581 560 697 637 fuisset,
714 561 746 623 id
763 496 822 645 pii
829 558 931 623 facere
951 582 1015 623 non
1039 581 1165 643 posses:
1188 556 1259 621 crim
1273 554 1358 622 verb

185 671 292 735 neque
317 650 462 736 injuriam
488 669 561 710 acce
584 646 655 724 eris,
679 661 710 710 et
731 645 884 730 bpraetori
909 658 965 707 tuo
986 644 1163 729 periculum
1189 665 1282 720 crees,
1305 641 1357 705 fa·

186 736 282 800 tearis
296 757 419 798 neeesse
433 746 488 809 est,
505 746 536 795 te
550 668 595 795 illi
610 732 760 818 injustum
775 731 971 816 impiumque
981 729 1099 793 bellum
1111 730 1225 794 inferre
1235 726 1359 792 conari.

132 825 175 882 ὦ
192 820 317 885 Etenim
335 821 391 883 istu
404 831 565 902 quoestura
579 816 619 881 ad
642 839 711 882 eam
733 837 801 879 rem
823 817 913 892 valet,
938 828 972 879 nt
993 814 1221 879 elaborandum
1243 813 1301 879 tibi
1323 814 1361 875 in

187 907 313 970 ratione
334 901 495 966 reddendi
516 903 566 979 sit,
589 901 795 1000 quamobrem
821 924 904 978 eum,
928 904 977 965 eui
1007 914 1146 987 quaestor
1170 900 1277 976 literis,
1309 901 1368 961 ac·

188 1012 298 1057 cuses:
321 987 396 1064 non,
413 1001 448 1051 ut
462 988 504 1051 ub
518 1010 587 1053 eam
604 1010 703 1073 ipsam
718 1010 845 1051 causam
861 986 1083 1072 postulandum
1099 986 1149 1061 sit,
1173 999 1208 1048 ut
1228 985 1287 1048 tibi
1303 1005 1365 1069 po-

91 1093 103 1152 ζ
189 1074 346 1142 tissimum
360 1073 518 1137 accusatio
531 1073 635 1137 detur.
680 1074 793 1159 Neque
814 1073 878 1137 fere
901 1095 1040 1158 unquam
1063 1071 1203 1135 venitin
1227 1083 1365 1133 conten·

191 1162 312 1224 tionem
326 1157 366 1222 de
380 1158 568 1237 accusando,
584 1160 639 1245 qui
654 1174 793 1245 quaestor
807 1157 925 1235 fuisset,
938 1159 1016 1243 quin
1031 1156 1276 1242 repudiaretur<
1295 1155 1370 1219 Ita-

28 1285 31 1292 .
136 1250 181 1307 1⁰
190 1266 255 1331 que
269 1265 371 1329 neque
387 1244 427 1307 L.
444 1243 573 1308 Philoni
586 1246 620 1307 in
636 1244 675 1308 C.
692 1245 858 1310 Servilium
882 1246 1018 1307 nominis
1040 1239 1200 1307 deferendi
1220 1253 1370 1326 potestas

192 1343 242 1394 est
258 1327 342 1406 data,
367 1352 469 1414 neque
492 1329 542 1393 M.
559 1328 691 1393 Aurelio
714 1331 835 1394 Scauro
861 1330 893 1391 in
921 1329 959 1392 L.
985 1328 1143 1404 Flaccum,
1169 1349 1273 1412 neque
1299 1325 1369 1389 Cn.

194 1414 351 1499 Pompeio
374 1415 407 1477 in
430 1414 472 1477 T.
498 1413 689 1491 Albucium3
712 1436 848 1500 quorum
872 1437 966 1477 nemo
987 1427 1118 1498 propter
1140 1411 1370 1497 indignitatem

193 1500 379 1585 repudiatus
399 1512 454 1576 est,
478 1498 531 1562 sed
555 1521 596 1562 ne
617 1498 716 1562 libido
739 1499 893 1563 violandae
915 1498 1152 1562 necessitudinis
1170 1497 1374 1561 ‘auctoritate

190 1585 335 1672 judicum
359 1585 632 1668 comprobaretur.
675 1586 782 1671 Atque
804 1584 856 1649 ille
880 1585 940 1649 Cn.
966 1584 1136 1670 Pompeius
1162 1584 1206 1648 ita
1227 1603 1300 1645 cum
1328 1580 1371 1645 C.

140 1676 184 1734 15
197 1670 284 1736 Julio
299 1669 471 1747 contendit,
494 1683 530 1733 ut
551 1679 585 1734 tu
601 1692 733 1734 mecum.
780 1670 930 1746 Quaestor
948 1667 1033 1734 enim
1052 1670 1180 1734 Albucii
1194 1669 1307 1744 fuerat,
1333 1681 1373 1730 ut

197 1768 234 1824 tu
248 1755 367 1819 Verris.
410 1754 515 1819 Julius
529 1754 591 1819 hoc
606 1778 708 1820 secum
722 1757 916 1820 auctoritatis
927 1756 967 1819 ad
979 1755 1191 1820 accusandum
1202 1752 1371 1828 afferebat,

194 1839 299 1928 qubd,
314 1854 350 1906 ut
363 1841 425 1904 hoc
440 1855 582 1925 tempore
596 1863 654 1905 nos
669 1841 709 1905 ab
734 1842 859 1919 Siculis,
886 1843 931 1905 sic
955 1857 1022 1906 tum
1048 1841 1100 1906 ille
1125 1843 1165 1905 ab
1186 1839 1294 1905 Sardis
1317 1859 1378 1901 ro-

197 1940 291 2013 gatus
305 1926 345 1990 ad
361 1948 487 1991 causam
502 1941 682 1991 accesserat.
728 1928 860 2012 Semper
874 1926 944 1990 haec
959 1950 1052 1990 causa
1067 1925 1238 2011 plurimirm
1251 1922 1298 1987 val
1304 1923 1374 1987 uit:

198 2035 324 2099 semper
338 2011 407 2076 baec
422 2012 502 2074 ratio
514 2013 681 2075 accusandi
695 2012 754 2074 fuit
769 2011 995 2088 honestissima,
1011 2034 1071 2095 pro
1085 2013 1187 2087 sociis,
1200 2033 1261 2094 pro
1271 2008 1376 2073 salute

138 2100 189 2162 20
201 2097 385 2184 provinciae,
412 2118 471 2179 pro
486 2112 664 2159 exterarum
690 2096 855 2158 nationum
883 2096 1068 2171 commodis,
1096 2096 1275 2157 inimicitias
1302 2116 1375 2157 sus·

201 2184 319 2266 cipere,
334 2180 376 2244 ad
401 2179 574 2262 periculum
595 2178 755 2253 accedere,
778 2201 917 2263 operam,
943 2179 1094 2255 studium,
1116 2179 1256 2242 laborem
1273 2178 1378 2240 inter-

198 2281 332 2351 ponere.
376 2264 513 2340 Etenim,
537 2263 562 2326 si
584 2263 756 2348 probabilis
777 2277 824 2327 est
838 2286 947 2327 eorum
963 2287 1056 2328 eausa
1078 2264 1132 2349 qui
1147 2264 1276 2349 injurias
1300 2284 1377 2326 suas

189 2349 349 2434 'persequi
364 2347 482 2423 volunt,
498 2347 562 2433 qut
577 2348 609 2411 in
625 2370 660 2412 re
673 2347 776 2411 dolori
792 2372 861 2426 suo,
877 2371 942 2412 non
960 2349 1097 2435 Reipub.
1111 2347 1287 2413 commodis
1295 2363 1304 2398 -'-
1311 2370 1379 2411 ser·

201 2435 313 2497 viunt:
361 2446 457 2498 uanto
472 2433 525 2496 illa
548 2456 641 2498 causa
663 2433 834 2511 honestior,
873 2457 920 2498 uae
936 2456 1000 2497 non
1024 2433 1122 2499 solum
1138 2433 1315 2520 probabilis
1331 2429 1406 2497 vi·'

145 2523 192 2582 25
203 2517 284 2596 deri,
299 2458 462 2583 sedetiam
484 2533 575 2605 grata
595 2542 661 2582 esse
674 2519 778 2597 debet,
806 2457 894 2583 nulla
919 2522 1064 2605 privatim
1090 2518 1221 2605 acceptti
1243 2517 1376 2606 injurii,

202 2605 361 2669 sociorum
386 2618 480 2690 atquc
504 2605 678 2668 amicorum
703 2606 814 2691 populi
839 2606 977 2670 Romani
1000 2606 1112 2670 dolore
1136 2619 1230 2691 atque
1251 2605 1378 2691 injuriis

202 2687 417 2755 commoveril
444 2690 565 2773 Nuper,
579 2688 649 2755 crim
665 2691 697 2753 in
716 2691 754 2755 P.
772 2692 946 2756 Gabinium
963 2693 1011 2755 vir
1025 2692 1212 2756 fortissimus
1226 2705 1259 2755 ct
1279 2694 1376 2755 inno·

203 2777 402 2839 centissimus
429 2775 468 2840 L.
493 2775 567 2840 Piso
592 2776 805 2840 edelationem
829 2779 966 2840 nominis
994 2778 1177 2862 postularet,
1204 2791 1236 2841 et
1260 2774 1377 2841 contrat

206 2860 251 2936 Q.
269 2859 416 2925 Caecilius
430 2874 559 2945 peteret,
583 2862 671 2948 isque
685 2885 717 2926 se
731 2878 852 2926 veteres
873 2864 1052 2944 inimicitias
1072 2863 1195 2948 jamdiu
1217 2875 1378 2947 susceptas

148 2950 196 3008 ³0
207 2945 353 3031 persequi
368 2945 504 3023 diceret3
528 2946 598 3010 edm
614 2948 785 3011 auctoritas
798 2963 829 3011 et
844 2948 982 3034 dignitas
999 2949 1123 3012 Pisonis
1136 2948 1261 3013 valebat
1274 2947 1379 3033 pluria

204 3028 305 3107 mim,
327 3042 396 3094 tum
421 3030 477 3094 illa
500 3045 568 3095 erat
594 3055 688 3096 eausa
711 3033 895 3117 justissima,
918 3032 1004 3119 quud
1018 3055 1090 3098 eum
1109 3033 1170 3096 sibi
1190 3034 1303 3098 Achaei
1322 3056 1379 3120 pa·

206 3114 552 3202 tronum'adoptbrant.

208 3223 337 3285 '‘loco.
425 3224 646 3283 boccusestaam
655 3236 816 3304 praetorem.
935 3236 946 3264 ⁰
949 3236 1054 3307 peteret
1068 3229 1266 3288 armatiorem
1279 3236 1352 3310 eJ'ar.

209 3349 304 3405 bantur,
320 3359 381 3399 sorte
400 3350 551 3414 eligebantur.
587 3351 657 3402 Unde
676 3356 778 3404 necessi·
845 3359 882 3402 1⁴.
895 3355 950 3402 Cum
961 3354 1077 3467 adalia}
1095 3355 1378 3421 Juliumhnnelcporeet

209 3414 270 3461 tudo
281 3414 321 3461 illa
330 3415 395 3462 sortis
404 3415 457 3471 tuit,
467 3431 514 3463 non
525 3416 651 3480 sanguinis.
770 3433 775 3438 ·
811 3419 901 3467 lucetiis
912 3419 1056 3475 excelluisse,
1077 3421 1107 3467 ib.
1121 3424 1145 3469 1.
1153 3423 1184 3469 dc
1196 3421 1263 3471 unc.
1276 3425 1319 3471 ait.
1330 3419 1378 3470 Aa·

245 3481 269 3525 4.
286 3477 398 3539 irritatum
408 3481 649 3546 impiumquebellum]
677 3482 782 3546 Attingit
812 3484 902 3532 curarit
914 3500 955 3546 pru
966 3485 1045 3533 Sardis
1056 3485 1190 3533 Albucium.

212 3539 252 3591 bie
262 3551 367 3592 veterum
375 3541 446 3590 Rom.
456 3547 657 3602 consuetudinem,
673 3549 713 3611 qui
730 3549 780 3596 bel·
845 3552 885 3596 23.
901 3547 979 3596 Dolori
989 3566 1028 3598 ruo
1042 3551 1160 3615 seruiunt]
1188 3551 1300 3599 Dolorem
1312 3565 1378 3600 mun

210 3604 359 3680 lpmnullura
374 3607 514 3681 lufcrebant
530 3611 588 3674 quin
604 3610 668 3674 priris
686 3613 781 3661 allecia·
812 3612 927 3675 mitigant,
937 3614 993 3678 quia
1009 3616 1079 3662 homo
1095 3615 1192 3664 affectam
1208 3615 1293 3679 injurii
1310 3614 1380 3664 facile

212 3668 271 3717 lium
281 3669 381 3734 collegio
385 3681 475 3736 Jurtum
487 3674 630 3723 declaratum
640 3685 709 3725 estet.
812 3678 912 3727 hominis
923 3679 1010 3727 inimici
1021 3679 1138 3742 supplicio
1148 3681 1239 3728 lenitur.

248 3737 271 3781 9.
288 3734 367 3799 ltaque
381 3737 469 3801 acque]
510 3738 626 3803 Exempla
641 3749 783 3805 quantorum
845 3747 884 3790 27.
902 3743 959 3791 Pub.
973 3744 1113 3810 Gabinium]
1146 3743 1194 3801 Qui
1203 3745 1321 3794 Achaiam
1338 3742 1380 3792 ad·

211 3797 409 3864 affert,quisuoa
425 3808 591 3865 proetoreuuon
608 3807 714 3868 permissi
729 3815 785 3855 suat
814 3806 960 3856 ministravit.
1269 3839 1272 3850 ·
1364 3819 1368 3830 ’

211 3878 334 3913 mutue.
846 3876 886 3921 28.
904 3872 931 3920 1.
952 3867 1023 3938 Pisa]
1056 3873 1083 3921 L.
1104 3872 1161 3923 Piso
1180 3890 1261 3924 musas
1282 3874 1340 3939 egit,
1356 3878 1380 3920 et

118 3981 121 3994 ¹
247 3933 286 3978 10.
303 3928 373 3978 larcio
390 3927 499 3995 Philoni]
531 3931 617 3982 laucius
633 3934 703 3982 Philo
718 3951 783 4000 que·
813 3937 918 3985 tribunus
934 3939 1010 4002 plebia
1026 3939 1104 4002 legem
1119 3938 1173 3988 tulit
1190 3940 1221 3987 de
1235 3937 1380 4004 repetundis·

211 4002 263 4044 ator
273 3994 326 4050 suit,
337 3994 394 4042 alter
402 4002 493 4057 prator.
602 4029 606 4044 .
816 4001 867 4049 Cic.
876 4003 907 4050 de
918 4002 981 4051 cnr.
991 4004 1084 4051 Orator.

258 4064 297 4108 12.
315 4055 434 4123 Po‘rrpa'a]
476 4060 559 4108 Strabo
587 4060 629 4111 ille
656 4063 784 4129 Pompeius
847 4071 888 4115 29.
906 4066 1064 4132 accitam]
1096 4066 1154 4116 Nou
1163 4068 1241 4133 inqui
1252 4067 1380 4117 Verrina-

131 4189 133 4192 .
213 4123 327 4189 Pompeii
338 4123 422 4188 Magni
432 4138 517 4185 pareus
528 4125 580 4173 tuit
707 4157 714 4176 .
815 4131 960 4180 cusationem
971 4132 1082 4195 postulat.

246 4189 284 4238 lb.
304 4188 330 4239 Τ.
352 4189 499 4301 umam.)
522 4188 709 4255 Albuciur.post
724 4209 783 4256 pra-
847 4197 888 4243 31.
905 4196 998 4259 Aelia]
1030 4198 1079 4255 Qui
1095 4199 1275 4263 repetundarum
1285 4192 1383 4247 Gabini·

208 4254 417 4372 ffafflndiaiu
426 4269 473 4319 pra
484 4252 529 4303 uit:
541 4255 572 4304 de
580 4255 660 4321 quoia
670 4257 749 4307 Piaoa.
757 4269 784 4309 et
816 4276 856 4308 um
866 4261 1016 4311 aestuabant.
