2959 4959
175 335 238 396 488
569 321 636 391 DE
658 318 959 393 structura

178 464 337 532 naturam,
360 449 457 540 qudru
472 450 599 517 senibus
620 449 747 518 emori?
767 449 857 539 quoti
870 451 956 518 idern
970 450 1127 538 contingit
1137 444 1363 516 adolescenti·
1459 482 1460 521 l

179 538 532 619 bns,adversanteetre
556 536 836 624 ugnautenaturb.
873 532 1357 626 ltaqueadolesoentesmoriaie

178 625 259 692 anibi
272 624 435 703 videntur,
459 637 497 690 ut
550 644 580 689 m
597 645 688 711 aquae
708 623 975 690 multitudiuevis
994 623 1129 707 flammae
1143 620 1351 708 opprimitur3
1459 644 1460 699 ς

179 733 270 778 senes
284 722 403 789 autern,
425 709 506 775 sicut
518 707 576 774 sui
586 722 717 797 sponte,
729 708 821 774 nullis
833 708 979 774 adhibita
992 707 1035 786 vi,
1054 722 1260 793 consumptus
1272 703 1354 791 ignis

178 797 416 884 exstinguitur:
438 808 480 874 et,
495 795 585 883 quasi
600 816 697 881 poma
710 816 754 859 ex
767 794 940 873 arboribus,
964 794 1067 861 cruda
1088 795 1115 859 si
1129 794 1203 872 sint,
1224 791 1257 856 vi
1271 787 1358 855 uvel·
1459 822 1460 867 v

179 882 303 962 luntur,
324 883 352 946 si
366 893 489 959 matura
502 893 535 945 et
548 893 650 960 cocta,
673 880 839 957 decidunt;
860 880 905 944 sic
919 878 1018 943 vitam
1041 876 1294 945 adolescentibus
1309 873 1359 938 vis
1459 880 1460 957 Ῐ

181 967 294 1049 aufert,
309 967 434 1032 senibus
446 966 632 1044 maturitas3
654 988 728 1052 quae
739 965 816 1031 mibi
829 964 957 1053 quidem
970 976 1037 1029 tam
1054 965 1205 1064 jucunda
1224 976 1283 1040 est,
1303 974 1355 1036 nt,

181 1076 247 1143 quo
260 1051 390 1140 propius
402 1052 444 1128 ad
459 1064 594 1117 mortem
613 1051 773 1129 accedam,
794 1052 884 1152 qnasi
897 1063 1011 1116 terram
1027 1049 1142 1119 videre
1155 1050 1281 1125 videar,
1299 1044 1362 1110 ali·

181 1138 373 1227 quandoque
385 1137 420 1201 iu
434 1149 567 1223 portum
581 1159 623 1203 ex
636 1130 736 1225 longi
746 1137 947 1224 navigatione
959 1158 1026 1201 esse
1037 1147 1202 1223 venturus.

208 1222 308 1291 XX.
332 1221 488 1289 Omnium
511 1236 641 1288 astatum
663 1235 769 1289 certus
794 1238 841 1288 est
862 1222 1032 1288 terminus:
1052 1221 1221 1286 senectutis
1246 1231 1363 1285 autern

179 1307 288 1375 nullus
302 1322 407 1375 certus
421 1322 469 1375 est
488 1310 662 1385 terminus;
684 1314 834 1396 recteque
858 1309 892 1372 in
907 1307 1082 1386 ebvivitur,
1102 1303 1207 1393 quoad
1231 1326 1363 1371 munio
1459 1338 1460 1393 l

181 1392 278 1459 officii
300 1395 709 1494 exsequiettueripossis,
731 1408 892 1460 ettamen
917 1406 1050 1459 mortem
1068 1404 1293 1466 contemnem
1317 1411 1370 1456 ex
1459 1396 1460 1473 l

137 1554 149 1567 ι
181 1501 248 1580 quo
261 1478 310 1559 fit,
331 1494 366 1546 ut
380 1480 553 1545 animosior
565 1493 660 1544 etiam
674 1492 817 1547 senectus
831 1481 881 1557 sit,
897 1477 994 1566 qudm
1008 1478 1229 1555 adolescentia,
1251 1488 1287 1541 et
1294 1475 1368 1541 for·

181 1579 257 1631 ttor.
301 1566 374 1631 Hoc
389 1564 467 1630 iliud
481 1578 538 1643 est,
561 1565 648 1653 quod
664 1565 831 1632 Pisistrato
844 1578 984 1652 tyranno
999 1562 1021 1628 ὲ
1037 1565 1154 1631 solone
1168 1583 1363 1650 responsum

181 1662 240 1732 eet,
263 1652 335 1717 crim
356 1649 414 1729 illi,
437 1651 606 1738 quaerenti,
632 1649 703 1737 Quid
725 1649 845 1715 tandem
859 1664 910 1735 spe
921 1649 1042 1737 fretus,
1063 1649 1121 1715 sibi
1146 1662 1215 1715 tom
1239 1647 1363 1715 (ordoci-

183 1747 230 1800 ter
251 1732 432 1801 obsisteret?
452 1735 655 1822 respondisse
680 1735 809 1815 dicitur,
833 1738 1000 1802 Senectute.
1044 1735 1109 1802 Sed
1133 1737 1265 1802 vivendi
1289 1737 1363 1803 finis
1459 1770 1460 1777 ¹

75 1850 81 1857 ·
181 1832 230 1899 est
253 1822 403 1910 optimus,
426 1821 510 1902 edm,
533 1822 660 1912 integris
674 1836 782 1888 mente
799 1823 905 1889 caeteri
944 1846 984 1889 ue
1007 1821 1163 1900 sensibus,
1187 1846 1267 1908 opus
1287 1824 1360 1907 ipsa
1459 1834 1460 1837 ’

183 1928 278 1973 suum
288 1908 409 1987 eadem,
432 1930 503 1995 quse
516 1909 761 2008 coagmentavit,
782 1922 899 1974 nature
907 1845 1069 1974 sdissolvit.
1115 1906 1166 1973 Ut
1180 1930 1296 1984 navem,
1317 1920 1359 1974 ut

178 1992 367 2073 aedilicium,
376 1993 460 2059 idem
469 1992 603 2060 destruit
612 1994 776 2073 facillime,
789 1994 844 2082 qui
858 1994 1054 2069 construxit3
1077 1993 1124 2057 sic
1134 1992 1360 2059 hominemea-

184 2077 258 2145 dem
274 2079 405 2167 optime,
420 2101 491 2167 quer
501 2080 743 2168 conglutinavit,
758 2093 874 2147 natura
883 2080 1036 2146 dissolvit.
1079 2078 1154 2143 Jam
1168 2080 1273 2144 omnis
1283 2101 1374 2144 eon-.

176 2164 354 2314 glutinatio
365 2187 474 2229 reeens
485 2164 582 2253 aegre,
598 2166 771 2232 inveterata
784 2165 888 2245 facile,
905 2165 1085 2231 divellitur:
1108 2166 1152 2230 ita
1165 2164 1211 2241 lit,
1229 2164 1359 2230 utillud

208 2272 280 2315 reve
295 2252 366 2315 vitae
381 2249 538 2336 reliquum
552 2273 611 2317 nec
624 2250 718 2316 avide
732 2252 945 2337 appetendum
958 2250 1095 2329 senibus,
1105 2271 1163 2315 uec
1175 2246 1245 2314 siud
1258 2247 1357 2314 csusfi

179 2333 393 2400 deserendum
407 2337 467 2401 sit:
490 2349 635 2423 vetatque
649 2335 859 2424 Pythagoras,
875 2337 994 2422 injussu
1016 2335 1208 2423 imperatoris
1232 2333 1278 2413 (ud
1292 2346 1355 2413 est,

184 2418 276 2499 Dei),
298 2420 339 2484 de
348 2421 498 2505 praesidio
507 2435 539 2487 et
552 2423 688 2488 statione
701 2422 774 2487 vitae
784 2420 948 2488 decedere.
994 2422 1122 2488 Solonis
1134 2419 1263 2507 quidem
1270 2421 1357 2507 sapi·

183 2504 266 2569 eutis
280 2505 420 2593 elogium
435 2520 492 2587 est,
508 2531 572 2596 quo
593 2531 626 2574 se
640 2521 736 2594 negat
750 2506 839 2587 velle,
861 2528 949 2573 suam
965 2522 1101 2572 mortem
1116 2507 1229 2572 dolore
1242 2507 1361 2572 amico·
1459 2534 1460 2563 ι

185 2609 258 2656 rum
273 2603 305 2657 et
318 2592 602 2660 lamentisvacsre:
624 2595 702 2674 vult,
713 2594 821 2673 credo,
837 2617 870 2659 se
883 2615 1066 2659 essecarum
1077 2593 1152 2659 suis.
1198 2592 1264 2659 Sed
1274 2591 1362 2658 baud

184 2677 265 2758 scio,
279 2700 321 2744 an
336 2678 445 2744 meliis
460 2678 601 2746 Ennius:
684 2705 688 2713 ¹

344 2765 436 2904 Neine
447 2785 491 2858 aas
502 2764 635 2844 lucrymis
647 2767 765 2836 decoret,
785 2764 1071 2846 nequefimerofleta

409 2854 479 2905 cest.

187 2937 264 3022 Non
287 2949 393 3004 censet
414 2938 585 3028 lugendam
611 2961 678 3004 esse
701 2950 857 3017 mortem,
880 2940 977 3026 ‘quam
1002 2938 1224 3003 immortalitas
1249 2959 1373 3002 eoum·
1404 2968 1411 2985 ·

186 3034 313 3107 quatur.
356 3024 430 3090 Jam
451 3048 560 3091 sensus
581 3023 740 3091 moriendi
762 3025 877 3112 aliquis
902 3047 968 3088 esse
990 3036 1103 3110 potest,
1125 3022 1268 3110 isquead
1289 3022 1359 3088 exi·
1459 3048 1460 3099 l

184 3128 285 3193 guum
299 3121 433 3195 tempus,
456 3111 634 3197 praesertim
648 3110 734 3175 seui:
757 3125 832 3196 post
855 3123 988 3174 mortem
1010 3108 1149 3196 quidem,
1170 3130 1277 3174 sensns
1298 3122 1358 3174 aut
1459 3106 1460 3181 l

186 3195 345 3280 optandus
370 3210 425 3262 aut
445 3197 550 3263 nullus
578 3208 635 3263 est.
680 3195 746 3262 Sed
774 3194 836 3261 hoc
864 3196 1050 3281 meditatum
1078 3194 1120 3259 ab
1145 3192 1360 3259 adolescenti&

184 3278 282 3347 debet
303 3305 379 3361 esse,
402 3297 537 3350 mortem
556 3294 592 3346 ut
611 3281 829 3368 negligamus;
852 3281 919 3347 sine
943 3279 1009 3368 qui
1031 3279 1248 3358 meditatione,
1270 3294 1362 3345 nan·

183 3365 998 3537 illitsst‘t“ifflt?⁰l⁰dt⁰‘“i0lll‘l,ill
1018 3364 1288 3517 illati&
1297 3378 1362 3515 ἒξ
1459 3456 1460 3467 ¹

184 3535 376 3634 pendentem
391 3500 526 3619 ’timens
543 3476 610 3627 pdui
638 3539 758 3626 poterit
780 3538 887 3604 animo
913 3535 1108 3601 consistere?
1140 3538 1181 3602 de
1202 3536 1266 3624 qula
1289 3556 1356 3600 nou

183 3631 229 3685 sta
253 3617 349 3705 longi
364 3620 579 3708 disputatione
604 3646 684 3710 opus
705 3648 772 3690 esse
785 3623 920 3699 videtur,
942 3620 1015 3687 edm
1037 3623 1194 3699 recorder,
1216 3643 1279 3685 nou
1303 3641 1356 3685 so-

183 3701 260 3781 lum,
276 3702 423 3784 Brutum,
452 3711 507 3795 qui
531 3711 563 3774 in
585 3710 749 3777 liberandi
771 3704 875 3796 patris
896 3720 945 3772 est
965 3708 1148 3775 interfectus
1155 3732 1165 3784 3
1185 3728 1250 3770 nou
1272 3705 1360 3771 duos

185 3791 315 3868 Decios,
341 3792 395 3880 qui
418 3793 460 3857 atl
484 3794 694 3861 voluntariam
719 3807 854 3861 mortem
878 3815 1006 3859 cursum
1029 3815 1178 3881 equorum
1200 3792 1361 3859 incitave-

185 3892 281 3956 runt3
317 3900 382 3944 non
411 3876 461 3944 Μ.
492 3879 639 3956 Atilium,
672 3882 727 3967 qui
755 3881 797 3944 nd
824 3878 1016 3965 supplicium
1044 3893 1095 3945 est
1122 3876 1294 3967 proiectus,
1325 3889 1360 3943 ut

185 3964 282 4033 fidem
310 3964 392 4032 hosti
420 3964 526 4030 damni
551 3976 771 4039 conservaret3
807 3985 874 4030 non
899 3965 980 4031 duos
1007 3965 1182 4051 Scipiones,
1216 3965 1273 4053 qui
1298 3964 1356 4027 iter

186 4047 299 4125 Poenis
320 4052 369 4119 vel
388 4050 573 4140 corporibus
595 4050 661 4119 suis
682 4049 848 4117 obstruere
861 4051 1046 4127 voluerunt3
1069 4072 1249 4123 nonarum
1263 4062 1371 4114 mum.

185 4126 226 4199 L.
251 4138 398 4219 Paulum,
419 4139 475 4227 qui
499 4148 602 4203 morte
622 4136 682 4203 luit
703 4134 835 4225 collegas
860 4137 894 4203 in
921 4137 1083 4202 Cannensi
1099 4133 1281 4225 ignominib
1306 4144 1356 4198 te·

183 4223 380 4303 meritntem3
402 4248 466 4292 nou
483 4222 534 4291 M.
554 4221 757 4303 Marcellum,
780 4225 870 4311 eujus
883 4221 1045 4289 interitum
1060 4244 1102 4289 ue
1121 4221 1373 4290 crudelissimus-
