2959 4959
124 347 165 408 14
407 410 409 413 Α
445 340 496 408 ΙΝ
521 335 1076 418 CAECILIUM,DIV1NATIO.

174 490 243 535 non
255 468 374 547 audiet,
396 469 484 557 quod
498 468 569 535 cim
586 467 731 546 faciebat,
755 463 1022 553 quemadmodum
1044 461 1227 529 defensurus
1251 470 1346 538 esset,

175 576 243 620 non
269 555 457 642 reperiebat.
501 556 607 640 Atque
629 577 690 641 ego
715 553 796 632 haec,
826 551 916 639 '’quae
942 550 975 614 in
1001 548 1107 614 medio
1132 548 1346 699 positarum,

176 641 403 708 commemoro.
448 641 531 706 Sunt
547 638 611 703 alia
626 639 727 727 magis
751 636 875 704 occulta
898 636 992 713 furta,
1015 657 1088 722 quoe
1111 635 1133 699 il
1147 659 1174 712 e,
1197 648 1233 700 ut
1255 633 1346 697 istius

120 723 163 792 23
177 725 299 814 (credo)
317 728 438 814 animos
452 737 548 811 atque
569 726 705 810 impetus
725 724 910 799 retardaret,
933 744 1005 786 cum
1032 735 1188 808 quaestore
1210 742 1267 785 suo
1287 717 1347 782 bc·

174 812 360 899 nignissime
374 810 629 875 communicavit.
675 810 760 877 Haec
775 823 810 874 tu
824 810 884 872 scie
903 806 944 872 ad
966 830 1016 870 me
1040 828 1106 870 esse
1127 805 1250 871 delata:
1273 826 1347 890 quaa

174 897 203 962 si
226 898 319 963 velim
342 896 494 981 prolerre,
522 895 613 962 facile
637 918 747 960 omnes
768 894 867 960 intelli
892 908 957 971 ent,
981 891 1070 956 robis
1093 893 1177 956 inter
1200 914 1256 956 vos
1279 909 1348 954 non

174 982 272 1049 modb
287 981 479 1048 voluntatem
494 981 588 1047 fuisse
601 983 813 1068 conjunctam,
829 918 938 1044 sedne
946 978 1088 1064 praedam
1100 976 1228 1064 quidem
1240 974 1348 1040 adhuc

175 1091 243 1135 ease
263 1067 406 1132 divisam·
452 1066 667 1153 Quapropter,
691 1067 716 1131 si
737 1067 795 1132 tibi
808 1064 965 1152 judicium
991 1061 1132 1149 postulas
1154 1061 1234 1141 dari,
1258 1058 1349 1147 quod

117 1162 163 1219 30
176 1167 279 1225 tecum
293 1151 356 1217 und
372 1151 498 1228 fecerim
522 1151 675 1230 concedo,
697 1151 724 1216 si
738 1151 772 1216 id
787 1151 857 1236 lege
871 1150 1082 1235 permittitur:
1105 1148 1154 1212 sin
1174 1160 1281 1211 autem
1304 1144 1348 1210 de
1404 1219 1407 1223 ,

174 1238 374 1303 accusatione
388 1238 543 1317 dicimus3
567 1238 722 1303 concedas
733 1250 860 1323 oportet
875 1239 921 1313 iis,
944 1237 998 1321 qui
1021 1234 1110 1298 nullo
1133 1257 1190 1297 suo
1214 1242 1346 1318 peccato

173 1323 402 1408 impediuntur,
435 1324 604 1411 quomintis
633 1322 761 1388 alterius
797 1336 927 1408 peccata
962 1321 1179 1385 demonstrare
1213 1318 1347 1402 possint.

174 1408 226 1473 Ac
240 1408 321 1486 ride,
344 1422 498 1496 quantum
513 1407 736 1484 interfuturum
752 1408 792 1473 sit
805 1408 890 1471 inter
902 1415 1007 1470 'meam
1022 1424 1117 1491 atque
1138 1416 1225 1468 tunm
1251 1424 1349 1484 accu-

173 1494 339 1560 sationem.
383 1494 466 1583 Ego,
489 1495 583 1559 etiam
598 1517 671 1581 quae
686 1507 721 1559 tu
735 1494 803 1558 sine
823 1493 924 1556 Verre
945 1491 1139 1566 commisisti,
1165 1487 1260 1552 Verri
1284 1485 1348 1551 cri·
1392 1524 1396 1532 =

116 1585 161 1646 35
174 1579 255 1645 ruini
268 1579 399 1646 daturus
413 1602 493 1657 sum,
516 1578 604 1666 qubd
619 1595 650 1644 te
671 1581 739 1643 ‘non
766 1577 973 1664 prohibuerit,
1000 1574 1070 1646 cium
1097 1596 1252 1639 summam
1279 1573 1348 1672 ipse

173 1664 306 1730 haberet
320 1678 523 1750 potestatem:
547 1679 592 1742 tu,
605 1661 732 1743 contri,
748 1686 798 1742 ne,
814 1687 886 1751 quae
901 1662 955 1726 iile
970 1661 1097 1749 quidem
1107 1659 1188 1736 iecit,
1205 1660 1347 1745 objicres,

173 1773 216 1816 ne
229 1749 293 1838 quir
306 1774 347 1816 ex
360 1765 450 1837 parte
466 1753 652 1837 conjunctus
662 1773 735 1814 cum
748 1773 786 1814 eo
798 1750 962 1835 reperiare.
1008 1744 1123 1822 Quid?
1144 1744 1208 1823 illa,
1223 1743 1348 1823 Caecili,

173 1837 464 1902 contemnendo-ne
484 1838 541 1902 tibi
562 1836 709 1901 videntur
732 1858 809 1913 esse,
832 1834 900 1899 sine
929 1832 1044 1921 quibus
1069 1853 1164 1896 causa
1189 1830 1348 1908 sustineri,

172 1923 350 2009 praesertim
359 1933 457 2001 tanta,
473 1922 562 1987 nullo
579 1922 675 1987 modo
688 1920 816 2007 potest?
837 1919 943 2006 aliqua
956 1916 1088 1984 facultas
1098 1916 1226 2003 agendi,
1242 1915 1350 2002 aliqua

114 2019 161 2077 40
174 2008 303 2074 dicendi
318 2008 525 2086 consuetudo,
540 2007 646 2094 aliqua
660 2009 694 2072 in
708 2007 788 2084 loro,
807 2005 946 2091 judiciis,
962 2004 1096 2090 legibus,
1111 2017 1167 2067 aut
1181 2002 1274 2077 ratio,
1291 2013 1349 2066 aut

175 2093 384 2160 exercitatio?
1338 2157 1342 2166 ‚

219 2179 266 2244 X.
306 2177 456 2264 intelligo
488 2176 585 2264 qubm
619 2176 806 2263 ⁸scopuloso
839 2175 1024 2262 difficilique
1058 2176 1092 2237 in
1120 2173 1192 2238 loco
1221 2192 1346 2237 verser:

173 2286 262 2341 nam,
291 2261 364 2328 crim
388 2262 492 2327 omnis
517 2264 700 2348 arrogantia
725 2262 836 2327 odiosa
859 2276 915 2340 est,
944 2275 1012 2325 tum
1032 2259 1085 2323 illa
1107 2259 1228 2344 ingenii
1249 2271 1347 2343 atque

173 2348 363 2433 eloquentiae
385 2347 486 2412 multo
510 2347 738 2413 molestissima.
788 2347 1005 2425 Quamobrem
1022 2343 1101 2414 nihil
1117 2345 1189 2410 dico
1209 2342 1250 2407 dc
1274 2364 1356 2406 meo-
1378 2421 1381 2426 ἱ

172 2433 317 2519 ingenim
332 2455 435 2520 neque
448 2447 495 2498 est
509 2433 595 2521 quod
610 2435 727 2519 possim
744 2431 863 2512 dicere;
890 2455 1003 2520 neque,
1026 2433 1051 2495 si
1071 2443 1164 2509 esset,
1187 2428 1346 2493 dicerem:

138 2532 231 2610 5aut
245 2520 329 2582 enirn
345 2518 377 2583 id
393 2518 472 2582 mihi
486 2521 560 2584 satis
575 2533 632 2597 est,
647 2519 734 2606 quod
749 2531 796 2583 est
810 2518 850 2583 de
864 2541 915 2584 me
930 2517 1099 2604 opinionis,
1115 2513 1271 2603 quidquid
1283 2525 1348 2588 estr

77 2619 81 2623 ’
175 2620 240 2682 aut,
264 2605 289 2668 si
305 2603 339 2669 id
361 2626 476 2690 parum
499 2617 557 2681 est,
580 2628 641 2692 ego
667 2606 769 2690 majus
793 2604 828 2669 id
853 2602 1132 2670 commemorando
1155 2602 1258 2666 facere
1278 2620 1349 2665 uon

174 2713 314 2779 possum.
363 2690 471 2768 Dete,
498 2690 618 2769 Coecili,
637 2691 704 2776 jam
727 2690 934 2776 (mehercule)
956 2690 1030 2765 hoc,
1055 2701 1146 2754 extra
1160 2688 1243 2752 hanc
1269 2707 1349 2751 con·

174 2776 349 2862 tentionem
372 2792 594 2863 certamenque
612 2790 767 2855 nostrum,
791 2776 985 2841 familiariter
1004 2790 1107 2840 tecum
1123 2774 1247 2862 loquar.
1292 2771 1350 2837 Tu

175 2861 254 2947 ipse,
286 2861 554 2948 quemadmodum
580 2862 749 2939 existimes,
782 2862 856 2932 ride
880 2862 974 2926 etiam
1000 2877 1094 2947 atque
1118 2860 1222 2937 etiem,
1254 2870 1286 2922 et
1310 2871 1349 2922 tu

123 2964 163 3023 ιο
176 2958 207 3011 te
222 2944 355 3033 collige;
377 2962 419 3025 et,
435 2949 491 3034 qui
504 2949 555 3025 sis,
571 2961 603 3013 et
622 2948 698 3035 quid
714 2946 817 3012 iacere
835 2947 945 3033 possis,
972 2947 1148 3011 considera.
1192 2943 1348 3009 Putas-ne

175 3044 208 3098 te
237 3054 328 3118 posse
355 3030 397 3097 de
422 3032 569 3098 maximis
597 3029 868 3121 acerbissimisque
891 3033 995 3109 rebus,
1018 3031 1092 3096 cirm
1115 3053 1241 3097 causam
1265 3027 1351 3095 soci-
1397 3065 1400 3070 ,

175 3140 268 3183 orum
297 3118 503 3206 fortunasque
526 3118 709 3204 provinciae,
736 3119 789 3203 jus
818 3117 927 3205 populi
957 3118 1053 3183 Rom.
1081 3118 1270 3204 gravitatem
1295 3117 1364 3201 ju·.

175 3203 252 3269 dicii
284 3203 452 3305 legumque
484 3204 667 3303 susceperis,
705 3215 754 3267 tot
784 3225 843 3282 res,
877 3219 941 3269 tam
975 3226 1097 3292 gmres,
1135 3217 1200 3268 tam
1232 3203 1347 3280 varias,

174 3311 261 3368 voce,
285 3287 449 3368 memorii,
472 3288 614 3368 consino,
637 3289 779 3376 ingenio,
802 3290 980 3356 sustinere?
1013 3289 1168 3354 Putas-ne
1190 3302 1221 3353 te
1243 3309 1348 3373 posse,

122 3392 161 3452 15
175 3396 246 3461 quae
262 3374 300 3438 C.
317 3374 433 3440 Verres
451 3374 484 3438 in
499 3371 681 3460 quaesturi,
705 3397 776 3462 quae
802 3377 834 3441 in
856 3377 1023 3463 legatione,
1047 3397 1119 3462 quae
1139 3374 1172 3438 in
1194 3372 1349 3457 proeturb,

174 3481 248 3559 quae
276 3458 400 3534 Romae,
433 3483 505 3547 quae
529 3461 563 3523 in
593 3458 698 3538 ltalib,
728 3482 800 3548 quae
827 3464 861 3526 in
892 3459 1027 3539 Achaib,
1059 3457 1148 3537 Asin,
1186 3459 1348 3547 Pamphy·

152 3542 283 3631 'lrirque
310 3543 455 3630 patrbrit,
486 3568 533 3624 ea,
564 3545 835 3633 quemadmodum
857 3547 936 3614 locis
962 3546 1219 3634 temporibusque
1244 3544 1349 3610 divisa

370 3679 384 3718 l’
398 3701 462 3761 qaae
475 3703 567 3742 omncs
580 3683 681 3744 sciunt.
924 3693 938 3720 ⁸
944 3681 1111 3763 periculoso.

206 3808 246 3857 25.
265 3805 422 3872 Benignissime
448 3809 636 3874 coramuaiawit]
670 3808 745 3859 Caecl-
810 3811 849 3858 15.
867 3809 896 3859 la
916 3810 1045 3875 questam]
1071 3810 1180 3867 Quaestor
1197 3807 1243 3857 fuit
1261 3808 1350 3857 Verres

173 3873 231 3922 lium
241 3879 267 3921 et
284 3872 381 3922 Verrem
396 3873 459 3922 iures
477 3891 528 3923 csse
544 3875 661 3939 designat,
676 3875 746 3939 quasi
777 3874 891 3924 Carbonis
902 3876 927 3924 in
939 3875 1060 3940 provinciis
1070 3873 1194 3924 consulari.

174 3946 225 3987 tota
235 3938 405 4001 istaquaertura
423 3940 452 3986 ad
470 3940 606 3989 societatem
623 3941 745 3996 furtomrn,
809 3939 847 3988 Ib.
865 3939 893 3989 Ia
905 3941 1032 4007 legatione]
1048 3939 1117 3989 Idem
1129 3941 1220 4006 legatur
1238 3936 1285 3987 tuit
1300 3937 1349 3987 Cu.

172 4020 222 4070 non
231 4004 261 4052 ad
273 4003 455 4059 accusationem,
466 4004 562 4053 valeret
777 4003 910 4066 Dolabella
920 4007 945 4054 ia
957 4006 1024 4055 Arii.

207 4075 230 4116 1.
249 4067 380 4134 Scapulam
397 4067 542 4133 Metaplrora
551 4070 668 4133 sumptui
678 4067 745 4118 nari·
809 4073 849 4119 16.
868 4071 922 4125 Quae
932 4071 1024 4135 licata]
1042 4069 1132 4118 Prator
1142 4070 1242 4118 urbanus
1253 4067 1348 4115 nome

174 4134 293 4196 gentibus,
311 4132 365 4184 crim
377 4133 522 4198 naufragium
532 4134 623 4183 fiarent
792 4135 797 4142 ’
809 4133 847 4183 Ib.
867 4134 894 4183 ln
905 4134 994 4199 ltalia]
1013 4137 1141 4185 Praeturam
1149 4134 1253 4185 exercuit
1260 4132 1349 4181 Verres

206 4200 231 4245 9.
250 4196 285 4245 Ta
296 4199 422 4264 ambige]
439 4198 469 4247 Id
486 4203 532 4255 eat,
549 4200 580 4248 ad
598 4208 622 4247 te
639 4198 699 4255 redi,
719 4205 745 4246 et
775 4200 801 4248 in
811 4197 881 4247 Iulis
891 4211 915 4249 ct
925 4200 1018 4250 Ronrae.

173 4267 293 4323 tamquam
305 4263 435 4328 dispersum
447 4263 650 4323 animumreroca,
662 4272 744 4312 utrec·
809 4263 846 4312 lb.
865 4263 894 4313 la
903 4266 999 4325 Acla'id,
1010 4265 1067 4331 irc]
1092 4265 1141 4316 Ubi
1152 4262 1271 4329 legatione
1279 4260 1351 4313 func·

172 4321 222 4372 um
232 4327 330 4390 rogiter,
341 4337 367 4377 ct
374 4328 456 4379 fortiis
467 4345 530 4395 agas.
777 4338 815 4379 tus
826 4337 869 4379 est.
1407 4341 1412 4352 ’
