2959 4959
124 302 195 364 nra
327 358 331 373 ,
634 282 732 359 PRO
755 282 930 357 effluo.
988 304 992 321 ¹

181 419 385 488 ⁸castrensia
399 420 534 486 ratioac
548 417 704 485 militaris.
748 414 825 497 Quia
843 417 877 480 in
900 424 1006 493 retste,
1028 414 1091 481 nisi
1129 415 1163 485 ui
1177 442 1211 485 se
1224 416 1354 507 ipsesul
1417 408 1418 415 '

184 507 392 631 pravitateet
415 502 610 583 castimonii,
633 516 666 570 et
680 501 753 569 culm
764 546 768 556 2
776 502 857 568 disci
879 499 947 566 lint
966 498 1103 569 domesti
1143 518 1248 584 ,tum
1270 506 1354 571 etiam

213 593 353 659 naturali
367 591 506 682 quodam
521 590 618 668 bono,
642 589 848 666 defenderam
880 609 1012 676 quoquo
1035 588 1136 656 modu
1161 591 1183 656 d
1208 593 1271 658 suis
1292 614 1353 658 cus·
1418 576 1420 639 l

124 680 131 725 ἶ
186 678 310 746 toditus
345 692 437 756 esset,
480 678 586 742 tumen
622 674 787 741 infamiam
816 696 925 740 reram
958 673 1100 763 effingere
1127 698 1195 743 non
1232 690 1352 764 poterat

130 788 176 850 25
191 765 257 831 Sed
281 765 337 855 qui
365 765 469 851 prima
491 762 548 827 illa
568 761 660 827 initia
680 761 784 826 retatis
813 761 939 850 integra
965 774 1063 848 atque
1087 762 1242 829 inviolata
1262 774 1356 851 ‘pra-

177 851 335 930 ·stitisset;
367 850 409 915 de
431 850 500 935 ejus
520 846 606 914 fami
630 870 668 913 ac
690 844 859 934 pudicitie,
890 845 963 912 cdrn
989 847 1018 911 is
1033 846 1104 934 jam
1127 872 1163 915 se
1184 849 1356 916 “conabo-

181 937 328 1014 ravisset,
364 957 403 1000 ac
429 935 479 998 vir
506 934 590 1001 inter
617 931 703 999 viros
730 944 823 1013 esset,
858 955 954 999 nemo
980 932 1181 1021 loquebatur.
1234 934 1359 1002 Studuit

187 1023 351 1101 Catilinae,
372 1018 446 1086 cdm
465 1021 534 1106 jam
548 1020 671 1107 aliquot
691 1041 794 1084 annua
813 1032 896 1085 esset
918 1019 954 1083 iu
973 1016 1045 1084 foro
1060 1019 1189 1108 Coelius,
1211 1033 1247 1087 et
1272 1020 1360 1087 multi

125 1151 129 1157 ·
188 1107 251 1175 hoc
265 1106 350 1172 idem
364 1128 405 1171 ex
420 1108 508 1170 omni
522 1106 636 1171 ordine
649 1119 745 1194 atque
759 1128 800 1170 ex
814 1104 904 1169 omui
918 1118 1011 1170 aetate
1032 1104 1185 1172 feceruut.
1234 1107 1360 1173 Habuit

130 1194 274 1278 goeuim
288 1192 343 1257 ille
364 1192 471 1278 (sicuti
496 1192 677 1258 meminisse
703 1215 759 1256 vos
783 1190 936 1283 arbitror)
967 1191 1123 1276 permulta
1147 1193 1362 1258 maximarum
1423 1148 1428 1299 l

174 1300 254 1344 non
268 1287 441 1365 eexpressa
454 1279 555 1367 signa,
577 1277 633 1343 sed
647 1275 868 1355 ‘adumbrata
890 1276 1058 1343 virtutum.
1089 1276 1363 1344 Utebaturbomi·
1427 1320 1429 1345 1

182 1363 282 1429 nibus
303 1364 459 1451 improbis
482 1364 601 1444 multis,
624 1377 656 1429 et
677 1361 808 1450 quidem
829 1361 960 1448 optimis
981 1386 1015 1430 se
1034 1363 1107 1430 viris
1127 1363 1269 1429 deditum
1293 1386 1366 1429 esse
1427 1348 1430 1441 i

85 1464 90 1473 ·
184 1448 369 1516 simulabat.
408 1449 512 1515 Erant
525 1448 716 1536 apudillnm
741 1448 900 1514 illecebuae
922 1448 1093 1517 libidinum
1111 1448 1235 1515 multoe:
1267 1462 1366 1514 eraut

120 1538 124 1547 ’
186 1535 283 1607 etiarn
308 1536 474 1601 industria
493 1535 622 1624 quidam
637 1534 756 1601 stimuli
771 1559 810 1602 ac
831 1535 1015 1603 laboriszfl
1075 1536 1171 1604 abant
1189 1535 1267 1600 vitia
1288 1534 1364 1599 libi·

127 1649 151 1706 3
154 1650 174 1707 5
186 1619 273 1687 dinis
286 1621 372 1709 apud
387 1622 498 1688 illum:
520 1622 672 1712 rigebant
685 1623 782 1688 etiam
797 1623 904 1690 studia
917 1623 963 1688 rei
985 1561 1152 1702 miffdarim
1174 1644 1278 1710 neque
1290 1628 1364 1708 ‘ego

187 1729 329 1796 unquam
343 1707 438 1774 fuisse
457 1708 521 1775 tale
545 1721 723 1775 monstrum
750 1710 783 1774 iu
799 1709 892 1776 terris
912 1709 1015 1786 ullum
1028 1724 1119 1796 puto,
1142 1724 1206 1775 tam
1222 1729 1264 1773 ex
1289 1728 1363 1772 curs·

183 1795 293 1860 trariis
307 1794 502 1883 diversisque
526 1795 610 1863 inter
631 1819 665 1861 se
687 1818 730 1881 pu
755 1796 905 1861 nantibus
925 1808 1050 1861 naturae
1076 1795 1190 1862 studiis
1210 1793 1365 1880 cupidita·

184 1881 336 1969 tibusque
363 1882 548 1948 conflatum.
607 1881 690 1958 Quis
725 1820 913 1946 durioribus
942 1881 1017 1944 viris
1049 1882 1190 1965 quodam
1220 1894 1364 1965 tempore

179 1966 382 2052 jucundior?
417 1968 487 2055 quis
510 1968 717 2051 ‘turpioribus
750 1962 973 2084 conpunctior?
1008 1964 1078 2047 quis
1113 1966 1193 2027 civis
1230 1963 1366 2048 ⁸melio·

125 2073 259 2139 40rum
294 2054 433 2138 partium
469 2048 667 2134 aliquando?
702 2048 772 2132 quis
831 2048 942 2110 tetrior
969 2044 1068 2108 hostis
1103 2041 1181 2107 huic
1217 2046 1368 2115 civitati?

184 2139 257 2223 quis
281 2138 315 2200 in
340 2135 553 2233 voluptatibus
579 2128 800 2217 inquinatior?
822 2130 893 2215 quis
916 2128 951 2191 in
974 2125 1138 2192 laboribus
1184 2129 1370 2199 attentior?

181 2222 255 2306 quis
269 2221 302 2282 in
318 2232 490 2303 rapacitate
512 2213 660 2278 avarior?
703 2215 750 2277 uis
766 2215 799 2277 in
820 2213 992 2300 largitione
1015 2148 1254 2279 effusiorillla
1270 2218 1370 2297 vero,

135 2372 140 2377 ,
175 2303 312 2389 judices,
335 2303 368 2365 in
384 2301 440 2366 illo
460 2298 591 2364 homine
614 2300 694 2362 mira
717 2298 772 2362 ilia
784 2297 923 2373 fuerunt,
945 2297 1217 2385 comprehendere
1240 2301 1371 2369 multos

179 2385 332 2464 amicitib,
375 2385 459 2451 tueri
494 2383 657 2471 obsequio,
701 2406 776 2449 cum
811 2384 961 2451 omuibus
999 2385 1237 2451 communicare
1272 2389 1367 2474 quod

123 2503 168 2562 45
180 2470 330 2550 babebat,
353 2469 488 2536 ¹servire
510 2469 707 2557 temporibus
732 2492 864 2557 suorum
889 2470 1047 2553 omnium,
1071 2471 1220 2558 pecunib,
1242 2473 1363 2559 gratia,

179 2556 292 2623 labore
312 2557 466 2645 corporis,
488 2555 606 2622 scelere
630 2558 736 2636 etiam,
759 2557 786 2621 si
811 2576 892 2644 opus
917 2570 1008 2636 esset,
1031 2571 1064 2624 et
1088 2555 1239 2623 audaciis
1266 2558 1364 2624 '‘rer-

172 2665 252 2719 ,sare
270 2667 359 2711 auam
373 2656 533 2725 naturam,
554 2655 588 2708 et
601 2666 711 2731 regere
733 2644 776 2709 ad
794 2655 930 2730 tempus,
951 2656 1048 2731 atque
1061 2641 1126 2708 buc
1139 2655 1173 2708 et
1193 2641 1270 2709 illuc
1285 2657 1364 2711 tor·

168 2753 278 2818 quere
302 2746 333 2796 et
358 2731 501 2796 flectere:
534 2752 608 2795 cum
631 2729 773 2796 tristibus
801 2727 924 2809 serere,
946 2752 1019 2796 cum
1040 2729 1180 2800 remissis
1202 2728 1361 2816 jucunde,

178 2839 254 2881 cum
277 2817 404 2883 senibus
425 2818 576 2904 graviter,
610 2838 682 2881 cunr
699 2817 869 2903 juventute
893 2815 1036 2894 comiter,
1072 2837 1146 2881 cum
1171 2814 1360 2880 facinorosis

121 2933 169 2994 50
180 2902 341 2983 audacter,
363 2925 437 2971 curn
453 2902 629 2968 libidinosis
651 2900 827 2980 luxuriose,
849 2902 965 2967 virere.
1009 2899 1087 2967 Hac
1111 2900 1165 2965 ille
1188 2913 1255 2966 tarn
1270 2901 1361 2966 varii

179 2987 412 3077 multiplicique
441 2987 567 3066 nutari,
604 2987 679 3053 cdm
706 3010 817 3052 ornnes
849 2988 998 3054 omnibus
1026 3009 1068 3053 ex
1096 2986 1189 3053 terris
1211 2986 1358 3067 homines

171 3075 345 3163 ‘improbos
369 3076 566 3162 audacesque
590 3073 771 3161 collegerat,
805 3085 874 3138 tum
899 3074 995 3139 etiam
1018 3072 1136 3138 multus
1161 3071 1259 3137 fortes
1272 3073 1359 3138 viros

177 3173 213 3226 et
239 3161 353 3239 bonos,
386 3161 491 3248 specie
515 3157 653 3247 quidam
682 3158 807 3225 virtutis
830 3158 1033 3238 assimulata,
1070 3158 1218 3235 tenebat3
1255 3180 1359 3244 neque

178 3267 322 3333 uuquam
336 3270 377 3315 ex
396 3247 452 3311 illo
475 3242 602 3309 delendi
617 3242 710 3328 hujus
734 3244 862 3331 imperii
881 3257 947 3309 tam
966 3243 1199 3310 consceleratus
1220 3245 1357 3330 impetus

121 3362 167 3420 55
179 3332 358 3410 exstitisset,
374 3333 435 3396 nisi
455 3343 502 3394 tot
516 3329 665 3392 vitiorum
684 3341 773 3394 tanta
787 3329 968 3395 immanitas
983 3330 1174 3418 quibusdam
1198 3328 1359 3395 facilitatis

178 3427 211 3480 et
232 3416 396 3497 patientias
418 3413 579 3480 radicibus
606 3413 772 3479 niteretur.
820 3414 930 3492 Quare
959 3415 1020 3483 ista
1047 3415 1200 3496 conditio,
1218 3413 1355 3503 judices,
1394 3422 1397 3427 “

175 3512 365 3584 respuatur:
387 3522 448 3565 uec
472 3498 622 3565 Catilinae
641 3499 863 3565 familiaritatis
887 3502 1008 3567 crimen
1032 3501 1169 3568 baereat:
1199 3515 1248 3567 est
1269 3499 1353 3565 enim

175 3605 347 3649 commune
371 3606 448 3649 cum
470 3584 590 3663 multis,
621 3608 693 3651 curu
723 3585 913 3674 quibusdam
938 3589 1034 3654 etiam
1063 3588 1167 3656 bonis.
1223 3586 1282 3652 Me
1302 3585 1352 3669 ip·

169 3673 259 3750 sum,
287 3691 351 3747 me,
376 3670 516 3757 inquam,
550 3670 714 3757 quondam
744 3670 837 3758 poenc
865 3671 922 3737 ille
948 3672 1084 3761 decepit,
1119 3672 1194 3740 cum
1221 3683 1255 3738 et
1278 3668 1355 3736 ciris

116 3788 165 3851 ⁶0
176 3755 257 3823 milri
271 3756 384 3834 bonus,
399 3769 432 3821 et
445 3756 559 3842 optimi
572 3760 724 3845 cujusque
737 3755 883 3843 cupidus,
910 3771 943 3826 et
955 3758 1066 3827 firmus
1087 3760 1209 3826 amicus
1222 3781 1262 3824 ac
1274 3755 1353 3823 fide·

214 3870 389 3965 ‘discupliuu
402 3879 544 3943 militaris.
602 3884 903 3966 lproba'tuterrutarre..
948 3886 1112 3948 ‘rerudsset
1169 3885 1185 3924 ‘¹
1190 3884 1335 3967 grandior
1441 3876 1442 3881 ¹

158 3966 344 4043 suammet.
415 3960 589 4022 ‘declarata
649 3961 741 4043 ‘ficta
796 3963 976 4046 ‘quipiam
988 3966 1073 4043 bonos
1084 3963 1332 4040 madefactam.

331 4040 442 4127 hpq'or.
523 4038 968 4123 ‘rnluem'rapcn'culs'tomnium-
1046 4043 1194 4104 *mutum

165 4200 171 4211 ¹
204 4185 246 4233 2⁷.
261 4184 490 4249 andrentius]
522 4183 744 4244 sudurcuitrnoe.
775 4185 907 4252 rejiciam
921 4188 1106 4252 mspweenim
1124 4187 1244 4254 signifieat
1253 4186 1349 4251 repudi·

167 4244 227 4297 cirus
236 4252 340 4300 semndd
351 4252 497 4301 consulamur
506 4249 598 4314 petivit
771 4265 823 4311 ιη,
834 4253 1349 4323 etqursleumtputopetoontamptumru·

195 4313 244 4365 66.
264 4314 367 4365 Cordus
384 4314 525 4381 sapertun]
568 4314 618 4365 nr·
638 4314 743 4383 objectio
770 4316 855 4381 J'toera
