2959 4959
484 330 553 397 ‚ru
575 322 850 399 carrorum
872 330 930 431 11„
983 290 987 299 ’
1287 343 1345 406 ιιι

122 473 197 528 arnt
227 457 622 547 nbnsparspatn'oiornm,
632 466 904 545 potestate'tamen
915 456 1029 523 nostra
1039 459 1303 536 continebuntur,

127 546 168 623 Q.
185 483 354 623 bittellus,
370 565 464 631 quens
479 567 549 644 ego,
578 545 774 631 prospiciens
796 543 869 621 hoc,
895 546 929 608 in
953 566 1069 632 agrum
1094 544 1298 613 Gallicanum

8 674 9 677 =
125 632 349 717 Picenumque
374 630 525 716 praemiss,
554 643 611 697 aut
637 631 798 716 opprimet
821 629 995 708 hominem,
1018 642 1074 695 aut
1098 653 1208 696 omnes
1230 632 1297 718 ejus
1312 639 1353 698 10

124 728 233 784 snotns
258 729 457 802 comtusque
480 714 673 801 prohibebit.
704 714 991 802 ,Reliquis'auteot
1016 715 1167 782 derebus
1181 717 1299 783 consti·
1335 776 1336 779 ,

126 803 270 878 tuendis,
304 801 539 879 hmaturandis,
576 799 718 889 agendis,
752 802 820 887 jam
857 800 898 865 ad
936 813 1078 866 senatum
1115 800 1297 881 reseremus,

127 910 229 976 quern
249 887 355 952 roosri
376 886 502 952 videtis.
547 885 643 952 Nune
656 885 728 950 illos
747 886 802 971 qui
826 885 860 950 in
884 885 975 953 Urbe
995 900 1225 964 remanserunt,
1251 899 1300 953 st·

178 996 196 1037 e
223 970 303 1036 adeo
354 972 388 1035 ui
417 985 529 1036 contra
560 971 659 1038 Urbis
685 970 830 1050 salutem,
859 974 1066 1058 omniumque
1093 972 1241 1051 vestrum,
1264 972 1299 1037 in

172 1057 227 1123 rbe
241 1055 262 1120 d
277 994 421 1122 callist
434 1056 537 1122 relicti
550 1070 635 1135 sunt,
658 1078 850 1144 quamquam
864 1072 939 1122 sunt
952 1057 1067 1136 hostes,
1083 1072 1201 1137 umen,
1224 1057 1355 1146 qoia15

132 1144 200 1208 nati
227 1156 300 1207 sunt
329 1142 424 1219 cives,
453 1143 591 1207 monitos
619 1143 714 1207 etism
743 1156 837 1235 atque
865 1144 959 1207 etiarn
987 1143 1070 1208 volo.
1113 1142 1191 1209 Mea
1219 1142 1300 1208 leni·

133 1242 181 1293 tas
194 1227 299 1293 adhue
313 1229 341 1291 si
355 1228 409 1291 cui
430 1227 585 1293 csolutior
602 1225 670 1291 viad
691 1240 749 1304 est,
774 1227 835 1292 lsoc
859 1229 1062 1314 exspectavit,
1085 1242 1121 1293 ut
1143 1228 1188 1307 id,
1211 1229 1299 1317 quod

131 1312 259 1393 latebat,
281 1325 475 1399 erumperet.
519 1313 618 1390 Quod
631 1311 789 1399 reliquum
812 1326 868 1391 est,
885 1314 952 1399 jam
979 1335 1044 1378 uon
1068 1336 1195 1399 possum
1218 1313 1300 1379 obli-

130 1399 216 1477 visci,
243 1420 351 1464 meam
367 1397 691 1485 lsancessepstriam,
718 1420 770 1463 me
793 1397 907 1463 horum
930 1421 996 1463 esse
1019 1398 1197 1476 consulens3
1219 1399 1298 1464 milti

128 1497 275 1550 anteum
290 1483 342 1548 his
357 1483 536 1561 vivendum,
559 1496 615 1549 aut
628 1505 688 1569 pro
702 1482 831 1549 hisesse
856 1484 1068 1549 moriendum.
1112 1484 1229 1550 Nullos
1252 1497 1355 1556 est20

128 1574 236 1656 postte
246 1582 364 1646 custos,
385 1568 492 1633 nullus
506 1568 672 1635 insidiator
687 1569 761 1632 vioe:
787 1569 881 1655 siqui
899 1571 986 1633 exire
999 1570 1121 1645 volunt,
1135 1570 1300 1636 consulere

130 1654 193 1720 sibi
215 1667 366 1740 possum:
393 1655 447 1741 qui
473 1653 550 1720 vero
575 1655 608 1718 in
631 1653 711 1719 urbe
734 1674 768 1718 se
792 1656 1008 1733 commoverit,
1034 1658 1122 1742 cujus
1146 1679 1207 1743 ego
1231 1678 1300 1722 non

129 1739 232 1807 modo
260 1741 390 1819 factum,
414 1740 469 1805 sed
494 1740 654 1827 inceptum
683 1738 784 1803 ullum
814 1753 1011 1816 conatumve,
1032 1753 1143 1804 contra
1163 1742 1301 1826 patriam

131 1824 386 1912 deprehendero,
402 1825 516 1893 sentiet
529 1826 564 1888 in
587 1823 649 1889 hlse
672 1823 752 1889 urbe
773 1846 840 1887 esse
864 1823 1009 1890 eonsules
1032 1824 1210 1911 vigilantes,
1233 1846 1300 1889 esse

131 1911 283 1999 egregios
297 1913 505 1998 magistratus,
527 1932 596 1975 esse
616 1908 730 1973 sortem
752 1922 907 1986 senatum,
931 1932 996 1973 esse
1018 1931 1118 1985 etms,
1140 1932 1207 1974 esse
1231 1920 1355 1981 car-25

132 2017 254 2074 oeoem,
291 2017 382 2082 quem
410 1997 569 2062 vindicem
598 1995 790 2059 nefariorum
819 2016 857 2060 ac
886 1992 1123 2059 manifestorum
1146 1993 1298 2059 scelerum

130 2082 271 2167 majores
294 2082 394 2146 nostri
416 2104 484 2146 esse
507 2080 685 2146 voluerunt.
732 2080 840 2167 Atque
858 2078 926 2145 haee
951 2081 1059 2144 omnia
1086 2079 1130 2144 sie
1153 2090 1299 2167 agentur,

135 2166 290 2245 Quirites,
313 2180 349 2231 ut
371 2189 421 2232 res
444 2160 592 2231 maxim‘oe
616 2166 750 2230 minimo
775 2179 875 2242 motu,
899 2164 1038 2251 pericula
1053 2187 1186 2245 ‚summa
1210 2163 1300 2230 nullo

131 2251 285 2330 tumultu,
308 2251 428 2318 bellum
442 2253 624 2317 intestinum
648 2274 686 2316 so
709 2250 927 2330 domesticum,
949 2262 1022 2337 post
1043 2248 1210 2317 homiuum
1233 2272 1300 2316 me·

133 2338 272 2402 moriam
300 2336 553 2402 crudelissimum
582 2360 620 2402 ao
647 2336 831 2414 maximum,
864 2358 915 2401 me
944 2358 1009 2400 uuo
1033 2350 1066 2401 to
1088 2348 1141 2401 ato
1164 2336 1246 2402 duce
1267 2349 1357 2409 etse

132 2423 338 2508 imperatore,
361 2422 504 2500 sedetur;
535 2421 623 2523 quod
647 2443 708 2508 ego
732 2422 778 2487 sic
801 2420 1039 2498 administrabo,
1106 2421 1224 2502 uirites,
1251 2434 1299 2500 ut,

135 2507 243 2573 siullo
257 2507 356 2573 modo
369 2507 439 2574 lieri
452 2520 579 2594 potent,
601 2529 642 2574 ne
656 2507 819 2592 improbus
841 2506 968 2593 quidem
992 2507 1157 2594 quisquam
1180 2508 1214 2570 in
1237 2505 1301 2571 hiso

136 2594 217 2659 nrbe
230 2615 362 2679 poensm
377 2594 427 2657 sni
441 2592 564 2658 soeleris
578 2592 716 2658 sufferat.
759 2590 835 2668 Sed,
849 2591 876 2654 si
891 2592 936 2655 vis
951 2591 1124 2655 manifesto
1148 2590 1300 2668 annue,
1377 2610 1384 2621 ·

136 2679 163 2742 si
176 2679 366 2765 impendens
378 2679 493 2778 pstrioe
506 2677 692 2764 perieulum,
708 2699 761 2740 me
773 2673 951 2775 necessarib
963 2678 1004 2739 de
1026 2673 1098 2773 htc·
1108 2674 1208 2739 animi
1222 2672 1302 2737 leni·

136 2775 203 2830 tate
231 2762 434 2865 dedurersm
472 2762 553 2864 illud
586 2761 729 2850 profeotd
765 2759 938 2859 perticum,
973 2760 1060 2845 quod
1089 2780 1123 2821 sn
1148 2768 1242 2857 tanto
1270 2769 1358 2832 ets5

136 2844 959 3084 fflffssilbffill,ffllmvllbml‘lg‘llt
972 2859 1074 2992 ”itt
1084 2842 1303 3027 ellidii

138 3021 223 3098 Qua
235 3022 290 3108 qui
314 3042 366 3084 ens
379 3042 450 3107 ego,
472 3041 575 3118 neque
589 3015 850 3117 mebprudentils
871 3036 973 3114 neque
994 3013 1142 3077 humenis
1164 3012 1303 3114 consiliis

136 3102 245 3184 fraus,
280 3104 438 3192 polliceor
465 3105 566 3185 sobss,
604 3103 758 3180 Quirites,
795 3099 850 3166 sed
881 3098 989 3163 multis
1024 3110 1058 3164 et
1096 3119 1162 3162 non
1198 3097 1305 3163 dubus

452 3293 672 3357 temerando.
870 3298 993 3376 ‘pojum

171 3594 366 3662 Martinam]
399 3594 536 3673 Epsuicio
596 3609 636 3643 ere
654 3592 708 3704 Ίιιὶ·
739 3592 802 3648 illos,
819 3592 860 3657 qui
878 3593 908 3639 sd
928 3590 1055 3640 Catilinam
1071 3589 1256 3656 proficiscentur,
1274 3590 1305 3638 sd

141 3661 195 3709 du
204 3662 281 3710 secuti
298 3670 353 3710 sont
369 3654 504 3710 Catilinam.
624 3665 708 3706 mutos
739 3664 838 3705 mortem
849 3657 934 3720 rapiat.

144 3722 708 3788 tmuuwtfflmuuanomtmtqnttseon-
773 3722 813 3771 25.
834 3718 966 3782 cm]
999 3717 1116 3786 Ulpianus
1132 3718 1173 3773 ait,
1185 3722 1305 3767 barem

140 3791 258 3840 wione
267 3790 372 3840 tuerent
740 3785 881 3835 edificatum
892 3785 972 3840 tuisse,
983 3798 1030 3831 oon
1041 3784 1072 3832 ad
1090 3783 1229 3846 plectendos
1241 3781 1307 3831 cives
1326 3806 1332 3817 .

174 3857 197 3903 9.
210 3856 238 3911 Q,
251 3854 379 3931 mutua]
397 3852 423 3901 Is
438 3851 554 3902 Metellus
571 3849 641 3900 ceter
655 3849 709 3905 tuit.
740 3850 868 3914 improbos,
892 3850 934 3897 sed
960 3847 1133 3912 reprimendos5
1163 3854 1243 3922 tanen
1266 3842 1307 3893 bie

141 3918 536 3969 enisedasevoluitrnenstodian
544 3915 656 3973 Catilina,
666 3917 709 3964 sed
741 3913 826 3992 (assuero
837 3911 1068 3991 manituteindieat,
1079 3913 1110 3961 ad
1119 3927 1161 3961 eos
1176 3918 1247 3958 etum
1261 3921 1308 3971 pu·
1324 3980 1335 3997 ‘

139 3985 456 4112 qulffiffuailntndiu]
489 4044 557 4094 Inter
576 4042 710 4107 conjuratos
740 3974 1311 4100 heppgsntffsisemffisffiuggemugpoeu:

140 4113 408 4169 amentatum,
423 4111 571 4161 alileivitate
579 4108 669 4158 donati.
740 4107 879 4157 tentaisse.
1051 4122 1055 4127 ’

174 4182 215 4228 18.
232 4176 350 4243 tauns]
366 4175 504 4240 conjunta
520 4174 617 4231 latebat,
634 4173 677 4222 sed
695 4172 710 4222 ἰ
774 4175 816 4222 30.
826 4170 930 4250 Τομέα]
945 4169 967 4219 Τ
1030 4165 1134 4215 Romani
1152 4165 1178 4213 ln
1256 4163 1309 4223 ‚in

141 4242 406 4306 Uarronesperhest·
740 4236 805 4286 bello
814 4253 885 4303 sagis,
900 4236 944 4285 sed
952 4241 976 4282 to
1018 4244 1111 4295 semper
1255 4235 1309 4280 nte·

173 4311 215 4359 st.
235 4306 380 4383 laum]
399 4302 486 4356 Nullos
504 4312 550 4364 est,
567 4303 609 4372 qul
626 4303 653 4354 is
671 4300 712 4350 sib
741 4301 834 4353 buntur.
