2959 4959
118 367 120 371 ³
158 388 201 445 4,
559 362 653 430 ruo
677 359 804 426 anon
828 359 1048 428 namus.

217 498 279 572 t'ur,
297 493 359 560 Cn.
376 471 546 579 Pompeius
561 488 704 555 emreoda
715 488 821 554 hieme
834 498 849 525 ⁰
859 489 1031 574 apparavit,
1056 489 1186 554 ineunte
1198 512 1270 557 vere
1283 512 1389 555 susce-

217 582 275 667 pit,
291 579 398 645 medih
412 590 521 643 testate
531 567 676 640 confecit.
721 575 780 640 Est
796 576 863 639 haec
878 576 984 639 divina
999 589 1096 661 atque
1118 576 1309 641 incredibilis
1322 577 1390 641 vir·

217 681 273 732 tus
290 666 499 752 imperatoria.
543 662 632 740 Quid
659 675 793 738 caeterae,
840 684 895 724 uas
916 660 1015 746 paulo
1040 657 1116 725 ante
1140 684 1390 727 commemorare

163 763 206 821 80
218 773 386 838 coeperam,
409 760 536 836 quantia
550 762 644 834 atque
659 746 756 834 qudrn
772 685 880 811 multae
901 745 995 811 sunt!
1020 768 1085 811 non
1105 750 1190 812 enim
1206 747 1306 813 solim
1320 747 1391 813 bel-

217 838 305 903 landi
320 838 417 899 virtus
440 836 471 897 in
496 856 620 898 summo
643 850 737 920 atque
761 832 900 917 perfecto
926 833 1118 917 imperatore
1132 835 1303 920 quaerendn
1323 846 1390 899 est:

127 985 129 992 ,
218 923 274 989 sed
297 921 404 985 multae
418 933 492 983 suut
506 934 611 1005 partes
626 919 761 994 eximiae,
786 918 879 1004 hujus
901 918 1096 982 administrae
1119 920 1314 1008 comitesque
1329 920 1391 983 vir-

218 1010 302 1074 tutis.
346 1007 396 1070 Ac
418 1006 556 1090 primum
580 1003 701 1091 quantis
722 1002 907 1068 innocentii
929 1003 1046 1068 debent
1071 1026 1138 1068 esse
1161 1003 1390 1090 imperatores!

217 1090 336 1194 quantit
351 1091 468 1155 deinde
481 1092 629 1155 omnibus
645 1093 675 1156 in
690 1091 782 1156 rebus
797 1087 1026 1175 temperantiis!
1050 1089 1170 1176 quantb
1184 1091 1248 1155 lide
1263 1093 1270 1155 !
1292 1114 1393 1179 quan·

163 1193 205 1251 85
218 1191 251 1241 ta
269 1175 436 1241 facilitate!
462 1191 582 1264 quanto
602 1178 749 1261 ingenio!
775 1173 896 1263 quantis
916 1174 1134 1240 humanitate!
1181 1176 1275 1255 Quae,
1289 1179 1393 1242 brevi·

217 1275 275 1341 ter,
292 1262 399 1349 qualia
413 1263 475 1326 sint
490 1264 522 1326 in
542 1263 602 1328 Cn.
621 1263 784 1346 Pompeio,
808 1261 1063 1338 consideremus3
1086 1284 1209 1326 summa
1223 1265 1309 1327 enirn
1322 1285 1394 1328 orn-

216 1348 273 1412 nia
294 1359 385 1425 sunt,
395 1347 555 1424 Quirites:
579 1348 633 1411 sed
649 1371 685 1412 ea
701 1350 802 1434 magia
816 1370 858 1410 ex
873 1347 1006 1411 aliorum
1031 1348 1267 1423 qcontentione,
1291 1348 1394 1434 qudm

184 1447 190 1455 '
217 1434 287 1519 ipsa
315 1456 372 1519 per
405 1457 480 1511 sese,
511 1435 659 1519 cognosci
689 1445 784 1519 atque
813 1433 945 1519 intelligi
972 1446 1113 1518 possunt.
1169 1433 1273 1511 Quem
1303 1436 1394 1498 enim

106 1512 114 1523 ’
218 1542 383 1605 possumus
419 1520 654 1604 imperatorem.
679 1518 786 1605 aliquo
816 1520 869 1582 'in
905 1540 1039 1583 numero
1098 1533 1196 1597 utare,
1233 1521 1321 1606 cujus
1359 1520 1395 1583 in

162 1622 206 1683 ρο
218 1607 360 1670 exercitu
385 1615 540 1669 'veneant
564 1606 758 1669 centuriatus
778 1617 878 1691 ‘atque
903 1604 1075 1668 venierint,
1117 1605 1194 1690 quid
1222 1604 1309 1669 hunc
1335 1605 1395 1669 ho·

217 1693 336 1758 minem
366 1713 518 1777 magnum
551 1710 607 1755 aut
635 1691 777 1776 amplum
806 1691 847 1755 de
877 1690 1039 1775 republica
1068 1692 1217 1777 cogitare,
1255 1692 1309 1777 qui
1337 1713 1394 1777 pe·

219 1778 356 1854 cuniam,
372 1799 413 1840 ex
433 1778 547 1841 aerario
562 1777 784 1863 depromptam
800 1777 841 1841 ad
861 1777 981 1840 bellurn
996 1775 1313 1851 ‘administrandum
1325 1791 1394 1853 aut,

217 1875 349 1948 propter
371 1863 576 1948 cupiditatem
597 1864 782 1948 provinciae,
796 1863 1030 1947 magistratibus
1045 1863 1196 1940 diviserit,
1212 1875 1276 1940 aut,
1292 1884 1393 1948 prop-

184 2019 186 2026 ,
219 1962 267 2014 ter
281 1950 457 2025 avaritiam,
476 1949 590 2013 Ronroe
606 1950 637 2011 in
650 1962 772 2034 quaestu
793 1946 982 2034 reliquerit?
1004 1948 1119 2012 Vestra
1138 1948 1392 2013 admurmuratio

163 2051 205 2109 95
219 2035 303 2112 facit,
329 2035 480 2110 Quirites,
503 2047 540 2098 ut
561 2051 733 2120 agnoscere
758 2033 938 2109 videamini,
962 2033 1016 2118 qui
1035 2032 1107 2097 haec
1130 2033 1273 2097 fecerint.
1318 2033 1393 2122 Fago

217 2253 231 2280 ⁰
240 2231 426 2322 praeparavit.
447 2251 460 2289 1²
471 2241 590 2299 virtutes
604 2262 668 2320 qnae
678 2239 872 2378 aunffmnloe
880 2249 906 2298 et
914 2239 1024 2298 comites
1034 2240 1118 2321 lrujsm
1128 2241 1241 2301 su'rtutis
1251 2239 1393 2303 militaris.

216 2319 460 2399 «temperatione.
500 2329 669 2378 'numerare
682 2320 712 2378 in
757 2320 821 2399 iquo
841 2320 940 2378 ordine
952 2319 1161 2398 imperatorum.
1200 2321 1392 2382 ‘vendamus

215 2404 225 2437 ἲ
234 2397 399 2479 gerendum.

217 2646 283 2679 snum
300 2628 401 2678 Metello
418 2627 489 2684 misit,
507 2633 534 2673 ut
549 2626 579 2674 ab
595 2624 718 2675 obsidione
734 2643 786 2676 cea·
816 2628 916 2677 maximi
938 2631 968 2677 ad
987 2626 1134 2693 imperatoris
1152 2628 1323 2678 humanitatem
1338 2645 1389 2695 per·

185 2713 195 2733 1
217 2703 292 2744 astet:
320 2696 420 2758 ipseque
442 2692 463 2740 le
495 2699 536 2739 tus
551 2692 684 2768 praesidium
705 2702 786 2742 contra
817 2695 900 2742 tinent.
1247 2721 1250 2728 κ

217 2760 344 2809 Metellum
357 2708 580 2812 Cretensihlrstulrt,
596 2760 785 2821 quostamensd
851 2762 891 2806 90.
909 2756 1073 2822 centuriatus]
1100 2757 1251 2807 Centuriatus
1262 2765 1389 2808 munmest

218 2826 364 2873 deditionem
380 2822 494 2886 compulit
509 2821 631 2876 Metellus,
649 2832 743 2887 strnrpto
755 2825 786 2872 de
817 2823 968 2880 centurionis,
987 2825 1028 2887 qui
1046 2831 1140 2871 centurn
1159 2834 1244 2886 pmest
1261 2825 1387 2882 militibus,

217 2889 246 2936 iis
255 2889 389 2954 supplicio:
406 2888 470 2951 quod
480 2888 526 2935 etsi
534 2894 601 2950 turpe
609 2888 654 2934 luit
662 2886 785 2952 Pompeio,
816 2890 892 2952 carpit
911 2896 990 2935 autern
1010 2887 1049 2935 hic
1068 2889 1234 2952 imperatorum
1256 2890 1386 2946 avaritiam,

134 2961 141 2980 ‘
218 2960 297 3000 tamon
308 2959 358 3014 ojus
369 2952 433 2999 laudi
444 2951 528 2999 Cicero
538 2953 613 2999 vertit.
817 2953 858 3017 qui
867 2952 944 3001 officia
960 2952 1066 3000 militaria
1082 2955 1225 3011 vendebant,
1244 2970 1297 3019 quas
1308 2954 1387 3002 virtafi

250 3020 290 3065 tt.
307 3015 401 3066 Ineunte
418 3017 486 3079 vera]
520 3015 616 3064 Doceat
633 3016 678 3062 hoc
697 3016 784 3065 bellurn
818 3017 1128 3065 militurnconccdidebent.

216 3082 277 3129 intra
299 3089 398 3147 quatuor
425 3096 516 3130 rncnscs
540 3089 678 3143 apparatum
704 3081 784 3138 luisse,
850 3085 889 3130 92.
907 3080 943 3128 fs
961 3084 1038 3129 nasio
1056 3083 1223 3146 depromptam]
1256 3081 1386 3146 Imperato-

217 3151 360 3211 susceptum,
376 3155 400 3194 et
418 3146 566 3194 conlectum:
584 3145 672 3199 Livius,
685 3144 725 3192 lib.
745 3149 784 3195 99.
817 3147 887 3201 ribus,
914 3145 955 3210 qui
978 3147 1136 3204 mittebantur,
1161 3148 1338 3196 concedebatur
1358 3163 1386 3195 ex

216 3213 340 3275 predones
354 3212 416 3259 iutra
434 3211 637 3274 quadragesimum
656 3209 719 3256 dicrn
735 3218 785 3259 toto
817 3213 897 3259 aerario
907 3210 1002 3275 publico
1011 3213 1120 3274 pecunia,
1131 3227 1184 3275 quas
1194 3213 1265 3277 rulgd
1275 3213 1385 3261 attribu-

216 3277 274 3324 mari
294 3278 374 3340 pulsos
391 3276 477 3323 luisse:
504 3273 641 3322 Plutarchus
660 3273 720 3321 intra
739 3285 785 3324 tres
818 3277 947 3332 dicebatur,
964 3277 1075 3326 utVarro
1086 3279 1176 3340 probat.

216 3356 317 3388 menses.
341 3340 467 3403 Appianas
484 3338 546 3387 intra
565 3339 716 3403 septuaginta
735 3341 786 3388 dies
851 3343 890 3388 93.
908 3340 999 3401 Propter
1017 3343 1158 3403 rapiditatem
1173 3342 1311 3408 arminia]
1344 3342 1384 3389 Se·

217 3418 298 3451 omnes
311 3401 440 3466 'piratarum
461 3420 543 3460 naves.
562 3403 586 3452 id
606 3411 650 3458 est,
671 3411 785 3453 herenna
816 3403 947 3468 ligebantur
964 3406 1090 3469 provincias
1111 3406 1126 3454 si
1144 3415 1234 3462 senatu,
1256 3422 1311 3471 quae
1329 3422 1384 3455 cos·
1427 3461 1430 3470 ¹

216 3467 358 3530 etamplius,
373 3468 397 3514 in
409 3468 518 3531 Pompeii
527 3475 668 3532 potestatem
680 3469 783 3516 venisse:
816 3471 912 3525 sulibns,
939 3484 996 3534 quse,
1019 3471 1155 3534 praetoribus
1181 3472 1300 3526 darentur,
1327 3485 1384 3536 qaas

215 3540 311 3578 centnm
331 3539 410 3579 antero
432 3529 457 3580 et
478 3533 560 3596 viginti
584 3534 668 3581 dicbus
688 3543 785 3582 cunctas
816 3535 949 3595 poste-ivel
965 3537 1085 3586 sortitione
1102 3536 1245 3590 obtinebant,
1265 3535 1304 3581 vel
1322 3535 1383 3583 ise·

101 3637 108 3662 ⁸
213 3594 308 3644 illorum
324 3598 402 3653 urbes,
419 3613 492 3653 arces,
508 3597 622 3661 perfugia,
639 3605 665 3646 et
679 3599 784 3656 castella,
816 3607 881 3654 nato,
899 3598 1101 3665 velaliquandoi
1116 3599 1307 3662 tribunisplebis,
1324 3613 1383 3663 quas

216 3675 274 3724 pop.
294 3660 366 3708 Rom.
384 3661 451 3709 casis
461 3663 564 3725 ipsorum
573 3664 656 3711 decern
672 3663 784 3722 millibus,
812 3663 849 3711 illi
865 3680 909 3728 per
917 3665 964 3712 rim
975 3666 1076 3730 peeunid
1090 3665 1193 3727 cormpti
1210 3664 1383 3720 concedebant,

214 3725 322 3789 subjecta
330 3725 410 3774 luisse.
814 3736 842 3776 ut
856 3729 959 3778 avaritia
969 3732 1007 3780 rel
1025 3731 1146 3781 morulam
1157 3731 1193 3779 rcl
1210 3739 1336 3795 pratorum
1347 3744 1382 3778 sa·

248 3792 289 3839 79.
307 3789 368 3844 Quid
382 3790 483 3853 cerm]
515 3788 783 3857 Illustrisarnplilieatio,
814 3794 956 3843 tisiacerent.
1269 3803 1275 3812 '

215 3869 338 3921 perque
346 3854 703 3919 extollitegregianretdirinnnr
713 3857 783 3905 Pom·
847 3857 887 3909 94.
904 3860 1105 3926 Mormonda]
1149 3859 1309 3917 Praemunitio,
1335 3857 1381 3922 qrb

216 3919 267 3984 peii
284 3921 393 3967 virtutem
409 3919 540 3977 militarem,
561 3923 701 3971 enumeratis
722 3922 782 3981 aliis,
813 3934 919 3974 removet
934 3919 1115 3974 isecalun'rniae
1125 3927 1296 3991 suspicionem,
1312 3937 1379 3988 qum

216 3985 301 4050 quibas
311 3986 360 4033 hec
370 3984 446 4048 prima
454 3985 554 4034 maxime
564 3986 696 4036 illustratur.
812 3989 837 4036 in
885 3990 935 4039 iore
943 3990 1078 4055 detorquet,
1093 3985 1135 4039 aui
1145 3991 1169 4040 in
1179 3992 1245 4054 ipsos
1255 3989 1380 4043 rudiores

248 4054 288 4099 82.
305 4051 369 4099 Artas
384 4050 486 4113 etrus]
518 4050 620 4101 Bellicas
635 4052 732 4101 virtutes
745 4051 782 4100 in·
814 4070 855 4119 qor
871 4055 993 4105 Lucullum
1009 4063 1099 4112 neure,
1114 4055 1323 4119 autineosipsos,
1339 4052 1380 4117 qui

213 4114 308 4180 telligit,
324 4132 391 4181 quas,
407 4115 448 4162 lib.
469 4116 783 4173 auerruncandae
813 4120 882 4168 irasci
892 4127 1008 4186 poterant
1041 4120 1194 4170 Consuetudo
1208 4131 1288 4169 antem
1298 4115 1379 4183 propull

210 4188 274 4228 artas
286 4181 399 4246 appellat
555 4230 557 4232 ,
654 4231 658 4238 ,
727 4225 731 4231 .
812 4192 871 4242 erat,
879 4194 914 4242 nt,
925 4184 987 4242 edm,
996 4186 1110 4248 quodsibi
1118 4186 1256 4251 placeretis
1267 4184 1378 4233 concione

245 4248 289 4300 85·
315 4244 452 4310 Facilitate]
493 4241 550 4292 Nou
562 4243 683 4310 solicitata,
708 4254 736 4295 nt
755 4248 780 4296 in
812 4251 949 4307 audivisset,
970 4250 1084 4299 submissi
1098 4266 1165 4309 voce,
1187 4251 1246 4300 alias
1265 4250 1304 4298 alli
1321 4245 1378 4297 beni

211 4306 318 4374 pluribus
328 4311 448 4361 codicibus
458 4309 551 4373 legitur,
568 4325 622 4358 narn
633 4311 715 4374 posted
724 4322 781 4377 aget
811 4316 901 4366 dictum
922 4315 1073 4367 insusurraret
1079 4332 1088 4380 ς
1114 4316 1178 4381 qnod
1199 4311 1379 4365 cammunti·

209 4371 306 4441 deeius
316 4374 445 4438 blidam
460 4375 523 4427 adde
532 4372 597 4444 quta
613 4376 664 4432 hnc
678 4376 779 4429 facilitas
809 4382 939 4433 &obstas
