2959 4959
115 362 157 422 to
438 353 490 422 IN
513 349 1069 429 CAECILIUM,‘D1VINATIO.

167 479 269 547 modo
282 482 493 571 persequendi
509 482 591 631 {pris
601 479 660 557 sui,
677 477 733 544 sed
748 478 843 544 etiam
857 476 1063 564 deplorandas
1073 478 1269 558 calamitatis,
1285 479 1349 546 ad·

167 567 241 633 imis
254 566 468 671 potestatem?
543 587 607 644 sm,
629 579 661 630 te
675 578 792 665 actore,
816 586 910 652 quem
924 586 1033 629 eorum
1048 566 1221 666 affuturum
1227 579 1344 668 putas,

166 655 580 820 ppolpoprntpllllpprssbpppgept
593 673 651 738 per
661 663 694 718 te
707 649 817 731 ahum,
839 650 894 716 sed
909 663 945 716 ut
957 673 1017 737 per
1026 652 1166 738 aliquem
1180 665 1211 718 te
1225 667 1345 739 rpsum,

371 983 593 1062 ,SECUNDA
614 984 723 1045 PARS
745 985 1125 1047 CONFIRMATIONIS.
1199 979 1209 990 “

199 1165 286 1233 Quod
306 1166 403 1225 Verres
415 1165 529 1226 minim?
542 1163 609 1225 velit
625 1165 787 1226 Ciceronem
799 1176 998 1239 accusatorem,
1017 1165 1137 1226 mamm?
1154 1165 1310 1227 Caecilium.

207 1352 267 1420 VI.
292 1357 338 1422 At
351 1353 436 1421 enim
452 1356 554 1422 solum
575 1356 680 1435 idest,
703 1370 739 1421 ut
760 1379 811 1421 me
835 1354 934 1423 Siculi
953 1353 1093 1420 maximi
1118 1354 1241 1421 velint?
1261 1355 1345 1422 alte-

162 1461 236 1505 rum
257 1439 337 1507 itlud
352 1442 478 1528 (credo)
493 1443 663 1508 obscurum
679 1455 735 1521 est,
760 1441 859 1531 aquo
875 1443 991 1506 Verres
1006 1439 1136 1506 minimi
1151 1466 1183 1508 se
1198 1443 1345 1508 accusari
1432 1483 1435 1487 -

161 1526 248 1592 velit.
294 1528 414 1616 quuis
430 1551 569 1617 unquam
588 1541 655 1592 tnm
670 1527 777 1613 palum
794 1533 835 1593 de
849 1528 981 1606 honore,
1003 1543 1068 1592 tam
1083 1527 1286 1593 vehementer
1298 1528 1344 1593 do

163 1612 265 1678 salute
290 1613 359 1693 suri,
375 1613 550 1693 contendit,
573 1611 670 1701 quam
699 1614 762 1693 ilie,
789 1629 884 1703 atque
909 1613 994 1681 iliius
1020 1613 1123 1692 amici,
1147 1629 1183 1681 ut
1203 1636 1244 1680 ne
1269 1613 1344 1680 hoec

130 1697 244 1772 smihi
267 1699 405 1765 'delatio
420 1699 540 1767 detur?
585 1701 668 1767 Sunt
689 1700 799 1778 multa,
820 1724 896 1788 quoe
911 1699 1026 1765 Verres
1050 1700 1083 1764 in
1098 1722 1150 1764 me
1164 1719 1230 1766 esse
1256 1701 1345 1765 orbi·

163 1796 277 1864 tratur,
301 1809 373 1874 quar
396 1788 456 1852 scit
480 1788 514 1851 in
536 1800 577 1866 te,
602 1787 646 1864 Q.
665 1786 788 1864 Caecili,
810 1809 876 1852 non
900 1810 984 1853 osse:
1007 1809 1078 1874 quae
1103 1786 1278 1874 cujusmodi
1306 1787 1343 1851 in

163 1883 301 1973 utroque
315 1875 460 1938 nostriim
486 1874 559 1952 sint,
583 1873 681 1960 paulo
704 1872 778 1958 pbst
792 1873 1060 1938 commemorabo.
1105 1873 1203 1939 Nunc
1219 1871 1346 1938 tantum

163 1956 198 2021 id
224 1957 340 2038 dream,
363 1959 450 2062 quod
474 1962 588 2026 tacitus
613 1973 649 2024 tu
677 1960 757 2023 mibi
780 1960 967 2023 assentiare:
991 1958 1112 2022 nullam
1138 1982 1206 2023 rem
1236 1961 1269 2024 in
1290 1981 1345 2024 me

163 2066 240 2123 esse,
265 2069 359 2133 quam
374 2046 429 2110 sile
443 2057 642 2119 contemnat3
665 2043 786 2107 nullam
801 2047 834 2106 in
850 2056 892 2119 to,
915 2043 1231 2187 quamdrertimcscat.
1277 2045 1347 2108 Ita-

109 2143 151 2203 lo
162 2152 225 2216 que
239 2153 373 2217 magnus
393 2130 448 2195 ilie
462 2129 612 2194 defensor*
630 2141 661 2192 et
676 2127 797 2191 amicus
818 2127 885 2211 ejus
907 2126 996 2204 trbi[
1033 2128 1202 2207 ortensius]
1228 2129 1345 2192 suffra-

161 2229 268 2302 gatur,
290 2237 342 2282 me
360 2226 544 2301 oppugnat:
567 2209 676 2297 aperti
691 2212 732 2275 nb
754 2210 916 2297 judicibus
938 2211 1028 2295 petit,
1051 2223 1088 2274 nt
1101 2226 1136 2274 tu
1151 2213 1230 2276 mihi
1252 2226 1346 2278 ants-

206 2321 298 2364 nare:
321 2313 354 2363 et
372 2302 417 2363 ait
431 2299 493 2364 hoc
508 2322 541 2363 se
555 2293 697 2376 honesti,
721 2297 790 2361 sine
804 2295 870 2361 ullis
895 2294 1026 2372 invidio,
1043 2293 1086 2360 ao
1103 2299 1170 2361 sine
1184 2296 1252 2362 ullis
1268 2298 1356 2364 1ὀΐω

175 2385 313 2460 ensione,
336 2385 538 2450 contendere.
584 2384 660 2449 Non
679 2383 777 2462 onim,
800 2383 912 2471 inquit,
936 2380 1014 2446 iilud
1030 2396 1114 2467 peto,
1138 2384 1225 2471 quod
1240 2383 1344 2465 soleo,

161 2466 234 2536 cim
259 2470 474 2536 vehementius
496 2469 657 2547 contendi,
687 2469 875 2556 impetraret
906 2491 977 2534 reus
1000 2486 1037 2533 ut
1058 2468 1250 2551 absolvatur,
1273 2494 1344 2537 nou
1406 2547 1408 2551 ¹

102 2572 150 2632 15
162 2569 255 2643 pcto:
277 2556 344 2636 sed,
368 2571 403 2623 ut
417 2556 533 2623 abhoc
555 2554 770 2644 potiusquam
785 2555 826 2620 ab
849 2554 906 2620 illo
920 2569 1094 2634 accusetur,
1111 2555 1144 2621 id
1156 2571 1241 2642 peto.
1285 2556 1344 2625 Da

162 2641 243 2708 mihi
262 2642 341 2709 hoc:
364 2642 514 2722 concede,
561 2642 625 2708 uod
649 2641 741 2708 facile
767 2654 823 2720 est,
846 2640 933 2730 quod
959 2641 1139 2719 honestum,
1162 2643 1249 2730 quod
1273 2665 1343 2710 non

159 2728 353 2795 invidiosum
367 2754 387 2795 ι·
412 2729 499 2819 quod
532 2752 605 2795 cm
633 2728 770 2808 dederis,
804 2728 872 2792 sine
902 2725 969 2792 ullo
998 2741 1055 2792 tuo
1082 2727 1235 2813 periculo,
1271 2730 1342 2795 sine
1411 2803 1416 2811 ‚

156 2813 304 2893 infamiis,
325 2814 404 2880 iliud
428 2815 563 2893 dederis,
586 2827 622 2880 ut
645 2815 671 2879 is
693 2813 884 2891 absolvatur,
909 2815 997 2900 cujus
1019 2836 1079 2900 ego
1101 2813 1198 2878 causis
1218 2815 1341 2896 laboro.

163 2898 209 2965 Et
218 2902 264 2966 ait
278 2901 373 2980 idem,
398 2915 434 2968 ut
447 2902 561 2990 aliquis
575 2915 678 2967 metus
693 2901 861 2988 adjunctus
872 2898 913 2964 sit
926 2899 967 2963 ad
982 2900 1128 2987 gratiam,
1152 2914 1255 2967 certos
1269 2925 1342 2967 esse

95 2984 196 3078 *zoin
220 2986 362 3066 consilio,
385 2988 501 3075 quibus
519 2987 645 3053 ostendi
668 2986 801 3053 tabellas
825 2984 917 3050 velit:
943 2983 977 3049 id
997 3009 1063 3052 csse
1084 2984 1250 3069 perfacile;
1272 3009 1341 3054 nou

163 3071 248 3138 enim
272 3072 414 3160 singulos
438 3074 521 3140 ferre
543 3072 724 3152 sententias,
748 3073 803 3138 sed
826 3072 988 3137 universos
1013 3070 1222 3140 constituere:
1252 3096 1356 3140 cera.

391 3259 566 3320 'accusatio
804 3255 1123 3338 binfruniti,postolare.

196 3452 235 3496 10.
254 3447 484 3515 Mogousdqr'emor]
516 3447 656 3499 Hortensius
670 3463 736 3514 mag·
768 3448 1065 3512 gstursdcustodiendsm
1076 3450 1211 3515 pactionem
1221 3450 1341 3516 promissa
1401 3487 1408 3494 ·

163 3528 208 3562 nus
227 3515 338 3562 defensor
358 3514 503 3564 iC‘rcerone
524 3516 666 3579 opponatur,
687 3531 735 3564 uon
768 3514 917 3577 isegrstio.

162 3579 220 3644 quie
234 3578 320 3627 multos
330 3579 446 3635 defendit,
460 3581 504 3629 sed
514 3581 571 3645 quis
581 3582 643 3629 hunc
654 3581 737 3644 proeoi·
801 3583 842 3628 20.
859 3579 949 3640 Ostendi
974 3581 1064 3629 sabellos
1083 3581 1156 3645 mitt]
1201 3579 1341 3628 Hortensius

162 3643 210 3708 pue
228 3644 327 3693 Verrem
344 3646 408 3694 omni
426 3646 500 3710 operi
518 3646 648 3695 defendere
664 3657 736 3695 cons·
769 3642 852 3697 roinit,
869 3652 895 3692 nt
904 3644 938 3692 itti
951 3643 1047 3724 judices
1059 3647 1161 3722 corrupti
1173 3645 1263 3691 tsbuies
1274 3642 1340 3707 prius

162 3716 236 3823 mis.
254 3771 306 3821 Non
315 3775 475 3837 criminosit,
492 3774 628 3838 iiiudpsto]
662 3774 736 3823 Erno-
768 3707 1342 3838 ΞᾚἭζὲῗᾝυῖῖᾝῗᾛαξζξ

162 3837 229 3914 posin
246 3837 374 3895 Hortensii,
391 3839 422 3887 sd
439 3839 502 3888 iilius
519 3840 692 3904 improbitatem
711 3841 736 3888 in
769 3839 874 3894 ersodo
884 3855 957 3903 parvo
970 3849 1021 3889 emt
1036 3855 1115 3894 causa,
1131 3856 1160 3888 cx
1170 3839 1257 3887 tabulis
1271 3847 1341 3889 suunt

159 3904 258 3968 judiciis
266 3903 443 3968 corrumpendis
453 3905 632 3954 ostendendum.
765 3902 884 3966 judicium
905 3905 1096 3982 pmnuntisbent,
1113 3920 1135 3951 r.
1153 3920 1176 3967 g.
1193 3905 1213 3952 si
1232 3904 1344 3954 absoire·

196 3973 237 4019 15.
255 3968 294 4016 Do
310 3969 385 4034 mitt]
428 3969 506 4034 Fingit
527 3969 611 4019 Cicero
632 3969 736 4018 Horten·
768 3977 829 4024 rent,
845 3968 1010 4032 imprimebant
1018 3986 1079 4019 cera
1086 3967 1225 4017 tnenmn:
1242 3970 1263 4018 si
1273 3970 1343 4020 dam·

162 4034 224 4082 oium
244 4035 270 4083 id
296 4034 374 4083 dicere
399 4035 513 4098 corruptis
528 4034 629 4100 poeonii
646 4034 736 4099 judici·
767 4042 860 4113 nerent,
877 4034 912 4084 C:
937 4035 957 4113 si
978 4034 1131 4110 snrpiiebent,
1144 4034 1181 4110 ςΝ.
1202 4033 1230 4082 L.
1254 4051 1341 4099 nempe

161 4098 236 4211 b”ia
254 4163 330 4213 naen
346 4131 465 4228 ananan
481 4164 531 4229 nn]
571 4163 601 4211 ru
621 4179 634 4212 s
652 4164 670 4211 u
684 4179 735 4212 cor·
767 4098 1343 4227 issffrriiissmsi'iiii‘tiniii‘f'ii'ieig'cfffi

161 4234 251 4304 mptor,
273 4237 300 4276 ut
316 4232 429 4293 gratiosus
441 4229 516 4292 judex
533 4245 581 4278 non
598 4180 673 4305 solim
693 4244 733 4277 ve·
767 4226 892 4284 insidiose.
908 4230 1104 4279 scribebsntsuss
1114 4228 1342 4282 sententiametotr·

160 4291 190 4339 ist
211 4308 303 4341 semro
324 4296 396 4344 tidem
412 4311 465 4348 ‘sno
487 4303 626 4359 corruptori,
654 4292 735 4344 seritur
766 4294 872 4342 maistin
889 4296 992 4357 pmtoui
1007 4296 1106 4356 debent,
1122 4294 1344 4358 qsiioomeuess

159 4356 234 4406 etism
250 4358 340 4423 aliquid
359 4361 455 4418 habent,
473 4375 515 4410 cor
531 4359 570 4409 rei
589 4358 676 4408 inritus
693 4375 734 4409 co·
766 4359 916 4428 poojitiebst.
