2959 4959
58 3154 61 3158 Δ
110 3086 210 3187 aliqui

58 3953 60 3959 ’
108 3961 165 4005 nae
180 3937 297 4004 Matris
311 3937 459 4024 acceptis.

498 304 878 381 nasauacruus.
1217 286 1316 391 ιιι]

25 422 30 427 ’
107 437 193 508 dam'
201 435 516 525 aeneatutigratiam,
532 460 606 526 qum
617 436 765 515 efficeret,
787 447 824 502 ut
836 434 871 500 id
884 437 1089 522 nonliberet,
1113 443 1201 531 quod
1214 466 1286 512 non

106 537 284 612 opuntem
323 522 466 609 Impedit
478 523 564 588 euim
577 522 744 588 consilium
759 520 914 609 voluptas,
935 522 1053 590 radoni
1076 526 1202 595 inimica
1208 554 1222 609 3
1242 553 1286 601 ac
1307 602 1312 611 Ι

84 612 229 687 „menda
251 616 301 695 (ut
315 609 360 679 ita
372 607 491 689 ιιίοιιιιι)
512 609 706 694 proestringit
723 607 853 684 oculos3
875 630 939 674 nec
959 608 1057 676 babet
1081 612 1181 678 ullum
1196 637 1282 684 cum
1340 647 1343 655 ·

106 697 232 761 virtute
246 695 483 761 commercium.
505 772 509 777 p
528 693 649 760 Invitus
662 693 792 782 quidem
807 693 876 772 feci,
901 706 938 760 ut
959 694 1120 762 fortissimi
1144 700 1215 777 viri,
1236 700 1285 769 T.
1379 752 1385 763 ,

112 781 301 860 Flaminini,
323 780 454 846 fratrem
468 778 508 845 1.
525 778 741 845 Flamininum
755 775 775 841 ὲ
788 791 901 844 serrata
915 778 1073 866 ejicerem,
1087 797 1207 869 septem
1222 807 1281 852 an.

106 867 165 933 nis
179 864 253 953 pbst
265 863 364 955 qulam
379 863 488 930 consul
500 863 627 930 fuisset:
651 863 707 930 sed
720 864 894 930 notandam
905 878 1015 952 putavi
1026 866 1210 935 lrbtdruem:
1226 870 1286 938 ille

108 953 212 1030 maim,
227 950 301 1017 edm
315 963 395 1017 esset
407 949 528 1028 consul,
543 951 578 1015 iu
593 949 702 1017 Gallia
710 963 862 1014 exoratus
872 951 906 1014 in
916 951 1062 1016 convivio
1075 951 1210 1021 uscouo
1221 969 1282 1036 est,

108 1038 264 1107 assecuti
278 1036 384 1101 feriret
397 1034 536 1123 aliquem
549 1048 672 1112 eorum,
687 1036 743 1122 qui
758 1035 791 1098 in
801 1035 935 1100 vinculis
949 1050 1062 1114 assant,
1077 1039 1218 1105 damnmi
1232 1043 1280 1107 rei

108 1123 269 1209 capitalis.
295 1121 370 1199 Hic,
387 1120 465 1186 Tito
475 1120 573 1184 fratre
587 1141 645 1184 suo
659 1141 799 1197 censore,
815 1120 870 1205 qui
885 1122 1047 1204 proximus
1061 1138 1136 1190 ante
1149 1147 1201 1190 me
1210 1125 1285 1193 lue-

108 1222 176 1286 rat,
191 1208 313 1294 elapsus
327 1219 391 1272 est:
415 1205 494 1270 mihi
517 1203 594 1269 verb
620 1203 661 1269 'et
674 1204 789 1269 Flacco
814 1206 996 1291 neutiquam
1021 1209 1149 1292 probari
1173 1213 1285 1297 potuit

108 1306 179 1359 tam
193 1293 349 1381 flagitiosa
363 1304 396 1356 et
410 1303 475 1441 {perp
489 1289 615 1376 perdita
628 1289 737 1368 libido,
754 1311 827 1377 quae
841 1311 913 1356 cum
928 1290 1048 1376 probro
1062 1295 1187 1378 privato
1201 1320 1286 1365 coa·

106 1380 118 1397 ‘
209 1391 257 1444 ret
272 1379 314 1442 im
358 1377 399 1441 rii
476 1392 560 1442 ecus.

100 1401 260 1531 Jfflffist
283 1400 377 1548 Silda
390 1458 533 1527 audivid
554 1460 727 1547 majoribus
753 1472 840 1539 natu,
863 1461 917 1548 qui
942 1484 976 1526 se
999 1462 1096 1547 porrb
1119 1466 1285 1550 puerosd

108 1550 242 1616 senibus
255 1547 377 1613 audisse
388 1546 546 1625 dicebant,
562 1546 672 1611 mirari
686 1546 814 1612 solitum
832 1547 871 1612 C.
888 1546 1080 1627 Fabricium,
1116 1550 1280 1628 undatim

108 1634 203 1722 apud
217 1655 324 1721 regem
340 1632 501 1719 Pyrrhum
525 1631 648 1720 legatus
672 1644 762 1708 esset,
789 1628 926 1697 audisset
942 1631 967 1705 ,si
988 1572 1142 1700 Tbessdlo
1166 1636 1278 1718 cinea,

109 1732 183 1787 essa
203 1718 371 1807 quemdam
397 1718 545 1796 Athenis,
567 1717 623 1804 qui
647 1740 680 1783 se
704 1718 877 1803 sapientem
902 1717 1122 1802 profiteretur3
1144 1744 1215 1787 eum
1239 1746 1280 1791 ue
1372 1744 1377 1751 ’

110 1805 244 1885 dicere„
257 1804 387 1883 Omnia,
419 1826 491 1904 quae
513 1803 696 1880 laceremus,
725 1801 767 1867 ad
794 1801 990 1888 voluptatem
1012 1827 1078 1869 esse
1100 1746 1278 1887 referenda·

109 1890 201 1981 quod
230 1913 273 1957 ex
300 1913 340 1955 eo
365 1888 541 1968 audientes,
572 1888 721 1953 Manium
748 1887 883 1953 Curium
904 1899 937 1952 et
958 1886 1001 1953 Τ.
1029 1889 1280 1973 Coruncanium,

109 1990 226 2063 optare
245 1976 364 2055 solitos,
393 1988 429 2040 nt
448 1974 482 2039 id
509 1975 704 2061 Samnitibus
727 1972 784 2059 ips'
810 1995 849 2037 ue
870 1971 996 2058 Pyrrho
1019 1976 1285 2060 persuadereturs

110 2085 180 2149 quo
194 2061 412 2127 faciliusvinci
431 2072 568 2145 possent,
598 2059 669 2124 clim
693 2082 726 2124 se
750 2080 791 2123 vo
805 2059 964 2157 uptatibus
986 2057 1155 2126 dedissent.
1199 2062 1285 2129 vix-

110 2159 185 2214 erat
207 2145 338 2212 Manius
354 2146 470 2211 Curius
485 2168 558 2212 cum
580 2145 619 2210 P.
641 2144 754 2233 Decio,
780 2164 845 2230 qur,
872 2143 1091 2293 quinquennio
1112 2162 1186 2213 ante
1206 2170 1286 2215 eum
1388 2158 1392 2165 '

108 2232 296 2312 consulem,¹
314 2254 348 2297 se
372 2254 432 2333 pro
455 2229 620 2318 republicis
643 2244 758 2317 quarto
782 2251 880 2294 consu
893 2241 947 2295 atu
970 2230 1154 2298 devoverat:
1186 2235 1288 2302 nbrat

110 2318 260 2386 cumdem
287 2317 470 2385 Fabricius:
498 2316 596 2383 nbrat
620 2316 857 2383 Coruncanius:
879 2317 945 2403 qui,
961 2315 1034 2382 edm
1058 2340 1100 2384 ex
1122 2318 1180 2384 sud
1201 2320 1284 2407 vita,

108 2418 180 2471 mm
196 2427 238 2468 ex
257 2406 334 2488 ejus,
380 2414 451 2469 ucm
470 2402 554 2479 dico,
580 2402 618 2467 P.
629 2403 723 2467 Decii
736 2405 830 2476 facto,
850 2401 1039 2488 judicabant
1053 2427 1119 2471 esse
1133 2405 1278 2491 profectd

107 2488 233 2574 aliquid
266 2425 382 2550 asturi
411 2483 581 2567 pulchrum
610 2498 703 2569 atque
730 2487 929 2569 praclarum,
989 2489 1051 2553 uod
1081 2492 1136 2556 sud
1165 2509 1279 2578 sponte

107 2582 284 2663 peteretur,
320 2567 479 2657 quodque,
515 2566 623 2652 spretis
651 2581 683 2631 et
714 2570 895 2653 contemptui
928 2510 1100 2655 voluptate,
1140 2579 1285 2661 optimus-

106 2658 246 2748 quiaque
270 2666 465 2740 sequeretur.
506 2652 670 2728 Quorsum
697 2653 705 2714 i
729 2652 793 2717 itur
814 2665 879 2716 tam
905 2652 1006 2717 multa
1026 2654 1067 2720 de
1094 2658 1279 2745 voluptate?

107 2744 280 2833 quianon
304 2736 404 2803 modb
427 2736 619 2822 vituperatio
644 2675 743 2814 nulla,
773 2737 947 2801 sedetiam
976 2760 1098 2805 summa
1126 2740 1203 2821 laus,
1230 2768 1278 2812 se-

108 2827 249 2897 nectutis
278 2838 335 2901 est,
371 2821 459 2911 qudd
488 2846 526 2888 ea
553 2821 729 2908 voluptates
757 2822 860 2887 nullus
888 2844 1082 2910 magnopere
1109 2825 1280 2901 desiderat.

110 2915 212 2981 Caret
237 2910 350 2999 epulis,
379 2909 545 2974 exstructis
568 2929 608 2972 us
631 2909 757 2986 mensis,
782 2907 1040 2996 etfrequentibus
1054 2913 1200 3011 poculis?
1223 2939 1281 2983 ca·

107 3014 162 3068 ret
185 3020 263 3150 erpo
288 2998 383 3063 etiam
406 2993 557 3075 vinolenti
615 3007 647 3059 et
668 2993 834 3075 cruditate,
858 3008 890 3060 et
914 2995 1089 3064 insomniis.
1148 3002 1278 3081 Sequi

247 3081 391 3149 dandum
405 3092 453 3147 est
466 3081 629 3167 voluptati,
655 3080 806 3167 quoniam
820 3082 887 3167 ejus
909 3080 1069 3149 blanditiis
1094 3108 1158 3152 non
1182 3088 1275 3156 facile

107 3171 301 3248 obustimus,
323 3166 450 3317 qdivind
465 3167 551 3231 enim
578 3165 671 3231 Pluto
693 3188 796 3232 escam
820 3167 975 3233 malorum
1000 3170 1194 3257 voluptatem
1219 3198 1276 3262 ap-

109 3256 220 3345 pellat,
256 3252 329 3353 qud·
352 3252 409 3317 eb
431 3251 577 3352 videlicet
600 3250 745 3352 homines
767 3254 943 3338 capiantur,
974 3268 1023 3355 ut·
1036 3255 1132 3355 barno
1160 3259 1275 3345 pisces)

111 3337 1276 3513 llililidiimillii{illutibilti'flllffiltffi

108 3513 234 3602 primus
247 3508 416 3585 devicerat,
438 3508 620 3574 redeuntem
636 3507 657 3572 a
671 3507 765 3574 coena
779 3531 885 3574 senem
906 3532 990 3596 saepe
1009 3512 1155 3581 videbam
1176 3536 1276 3605 puers

111 3596 330 3666 delectabatur
343 3593 455 3658 crebro
468 3593 567 3659 funali
586 3610 620 3660 et
645 3595 789 3670 tibicine3
810 3617 882 3682 qum
907 3596 976 3675 sibi,
1003 3597 1092 3664 nullo
1115 3606 1276 3692 exemplo,

109 3685 253 3773 privatus
267 3690 460 3766 sumpserutt
483 3691 608 3746 tantum
620 3680 757 3756 licentiae
771 3679 868 3746 dabat
879 3680 991 3770 gloria.
1036 3684 1100 3752 Sed
1122 3690 1199 3774 quid
1214 3712 1279 3778 ego

109 3767 213 3834 abusi
234 3766 276 3833 ad
291 3787 342 3831 me
357 3767 459 3852 ipsum
468 3765 536 3852 jam
550 3779 699 3831 revertur.
727 3765 883 3844 Primdm,
896 3766 993 3834 habui
1007 3793 1071 3836 sem
1115 3774 1284 3841 rsodnmt
1371 3850 1373 3859 y

111 3852 429 3930 Sodalitatesautem,
443 3871 493 3915 me
527 3865 668 3928 uaestnre,
679 3853 951 3933 constimtoesunt,
967 3857 1062 3921 sacris
1088 3857 1165 3922 daeis
1178 3857 1280 3945 Mag«

502 3873 665 4023 ldpulabar
679 3938 777 4038 igitur
791 3960 864 4004 cum
878 3939 1038 4006 sodalibus
1051 3942 1188 4006 omnino
1204 3965 1275 4008 mo·
1328 4006 1331 4015 .

109 4021 201 4101 dicd3
221 4022 353 4089 sederat
360 4022 490 4110 quidam
500 4021 605 4088 fervor
615 4035 715 4088 aetatis
721 4047 731 4101 ς
755 4025 820 4112 quis
830 4026 1061 4113 progrediente,
1074 4027 1277 4097 omniafinnt

107 4110 212 4181 indias
226 4109 369 4175 mitiora:
391 4130 496 4196 neque
519 4108 604 4175 enim
628 4109 770 4194 ipsorum
792 4111 1008 4175 conviviorum
1033 4108 1274 4183 delectationem

108 4194 326 4285 voluptatibus
338 4195 480 4280 corporis
494 4195 605 4282 magis,
620 4194 718 4281 qaam
731 4206 817 4261 coetu
831 4195 1006 4275 amicorum
1019 4208 1051 4259 et
1064 4200 1273 4285 sermonibus,

107 4283 289 4363 metiebsr.·'
312 4279 406 4356 Bene
419 4279 504 4351 enim
516 4282 652 4369 majores
664 4282 766 4379 nostri
780 4279 1010 4348 accubitionem
1022 4279 1182 4368 epularem
1194 4289 1275 4356 ami.
1286 4276 1300 4294 ‘
