2959 4959
479 378 484 389 .
529 320 629 388 Pno-
644 316 772 384 LEGE
794 314 1014 385 Maurum.

632 430 899 544 ‘Pnuonn'rio

230 590 310 658 XV.
334 589 419 668 Quoe
432 588 502 659 culm
516 588 560 653 ita
574 586 646 665 sint,
672 587 713 652 C.
729 587 857 662 Manili,
878 584 1016 672 primum
1030 586 1122 652 iatam
1142 596 1229 650 tuam
1249 592 1281 648 et
1303 582 1351 646 le-

108 732 111 739 .
186 699 272 765 gem,
286 689 319 742 et
332 676 535 751 voluntatem,
551 684 583 737 et
595 674 783 738 sententiam
794 672 900 751 laudo,
916 671 1251 758 vehementissimeque
1264 690 1351 734 com·

187 763 307 848 probo:
324 760 445 825 *deinde
458 772 490 823 te
502 757 624 837 hortor,
647 772 693 834 ut,
710 774 844 823 'auctore
857 758 977 844 populo
994 757 1154 834 Romano,
1175 778 1303 821 maneas
1316 754 1352 819 in

189 845 354 923 sententia,
367 867 445 909 neve
458 845 641 943 cujusquam
656 844 720 909 vim
742 860 798 908 aut
819 845 919 908 minas
939 844 1151 929 pertimescas.
1196 839 1355 918 Primum,

155 933 176 991 5
189 933 224 998 in
237 947 269 999 te
283 932 357 995 satis
369 952 437 994 esse
449 930 548 994 ammi
561 930 810 1016 constantiaeque
823 929 979 994 arbitror:
1002 927 1127 1006 dando,
1147 924 1218 990 cunr
1231 937 1363 991 tantam.

187 1016 424 1083 multitudinem
438 1037 512 1080 cum
526 1027 617 1080 tanto
638 1014 743 1079 studio
765 1014 872 1079 adesse
897 1013 1067 1092 videamus,
1090 1026 1240 1099 quantam
1267 1031 1356 1075 nuuc

186 1100 300 1168 iterum
314 1101 347 1163 in
362 1099 475 1165 eodem
488 1099 836 1185 hominepraeficienrlo
849 1100 1007 1177 ridemus3
1053 1099 1107 1163 uid
1121 1111 1178 1175 est,
1195 1094 1355 1184 quod-aut

187 1187 228 1250 da
241 1208 277 1251 re
290 1196 346 1251 aut
359 1185 400 1250 de
413 1186 599 1272 perficiendi
613 1185 761 1250 facultate
774 1183 979 1250 dubitemus?
1023 1122 1094 1270 ligo
1116 1195 1232 1259 autem,
1259 1179 1355 1267 quid·

187 1270 261 1358 quid
279 1272 311 1335 in
327 1293 379 1336 mc
391 1284 440 1337 est
451 1270 559 1349 studii,
582 1271 718 1347 consilii,
740 1271 868 1348 laboris,
892 1270 1022 1356 ingenii,
1045 1267 1199 1366 quidquid
1215 1269 1276 1329 hoc
1298 1266 1357 1330 be-

137 1358 175 1415 10
188 1355 303 1422 neficio
324 1358 436 1444 populi
461 1357 610 1433 Romani,
633 1369 729 1443 atque
753 1353 814 1419 hltc
837 1367 991 1439 potestate
1015 1353 1174 1438 preston&
1197 1349 1273 1438 quid
1298 1351 1358 1415 nid

187 1443 384 1521 auctoritate,
399 1442 472 1521 fide,
488 1440 666 1507 constantis
679 1462 817 1525 possum,
835 1440 869 1503 id
883 1462 978 1504 omne
992 1440 1033 1503 ad
1048 1439 1131 1509 hanc
1145 1460 1211 1501 rem
1223 1457 1283 1509 con
1308 1435 1357 1498 ci·

184 1527 303 1593 endam
316 1528 376 1592 tibi
389 1542 421 1592 et
434 1527 554 1613 populo
571 1527 720 1592 Romano
732 1525 886 1611 polliceor
900 1538 933 1589 et
953 1523 1077 1602 deiero:
1100 1536 1260 1608 testorque
1284 1541 1359 1583 om-

186 1630 244 1678 nes
258 1613 345 1688 deos,
366 1625 399 1679 et
412 1635 465 1676 eos
480 1613 618 1677 maxima
633 1612 686 1699 qui
702 1611 777 1675 huic
799 1611 871 1674 loco
893 1609 1074 1695 temploque
1095 1607 1276 1694 praesident,
1298 1605 1358 1692 qui

188 1698 332 1765 omnium
356 1710 478 1763 mentes
502 1720 612 1762 eorum
636 1698 691 1783 qui
715 1697 758 1762 ad
783 1695 944 1781 Renipub.
969 1694 1098 1773 adeunt,
1125 1689 1265 1758 maxime
1283 1712 1359 1776 per-

135 1787 203 1849 15s
228 1784 336 1862 ciunt,
359 1805 411 1847 rue
425 1783 487 1848 hoc
501 1804 655 1931 nesporo
697 1794 732 1845 tn
748 1782 849 1847 facere
863 1782 1058 1880 cujusquam,
1081 1802 1183 1866 neque
1204 1799 1266 1865 quo
1291 1775 1358 1839 Cn.

534 1891 542 1931 ι

218 1869 335 1955 ompeii
348 1869 484 1954 gratiam
499 1890 531 1932 m
569 1891 579 1931 ι
593 1890 651 1952 per
688 1889 749 1941 ¹ano
772 1890 898 1932 causam
921 1865 1084 1931 conciliari
1108 1880 1228 1950 putem,
1252 1882 1358 1947 neque

186 1977 253 2042 quo
267 1954 356 2033 mihi,
379 1975 420 2017 ex
434 1955 618 2040 cujusquam
637 1952 857 2037 amplitudine,
880 1965 935 2015 aut
959 1950 1106 2036 praesidia
1128 1948 1277 2033 periculis
1301 1956 1360 2011 aut

188 2040 370 2125 adjumenta
383 2039 559 2102 bonoribus
567 2059 728 2122 quaeram;
752 2035 920 2119 propterea
929 2034 1015 2132 qubd
1025 2035 1168 2119 pericula
1177 2031 1282 2109 facile,
1298 2042 1311 2068 ¹
1320 2041 1359 2096 ut

188 2123 351 2191 homiuem
364 2134 515 2207 praestare
529 2133 664 2205 oportet,
681 2119 865 2183 innocentia
880 2133 963 2194 teon,
985 2117 1189 2219 repellemus3
1215 2116 1360 2181 honores

134 2211 177 2269 20
188 2220 304 2283 autam,
320 2228 423 2291 neque
436 2205 477 2269 ab
489 2227 566 2281 uno,
582 2227 685 2291 neque
699 2227 740 2268 ex
755 2204 816 2268 boc
831 2203 911 2280 locu,
927 2202 981 2266 sed
993 2202 1104 2265 eadem
1116 2200 1227 2265 nostrii
1238 2199 1294 2264 illa
1309 2200 1359 2266 lu·

187 2288 402 2360 boriosissimb
415 2290 538 2354 ratione
551 2288 636 2366 vitae,
660 2290 685 2353 si
706 2301 810 2353 vestra
834 2288 978 2352 voluntas
1002 2286 1090 2364 feret,
1112 2309 1358 2372 consequemur.

185 2374 417 2454 Quamobrem,
434 2374 512 2461 quid
535 2374 591 2438 uid
606 2376 639 2438 in
655 2372 717 2439 bric
731 2372 828 2439 causa
841 2373 920 2436 mihi
935 2385 1113 2457 susceptum
1124 2384 1183 2450 est,
1200 2372 1357 2451 Quirites,

185 2461 222 2526 id
241 2480 336 2525 omne
360 2481 411 2524 rne
436 2460 525 2549 reipu
548 2459 620 2524 licae
641 2457 738 2524 causa
761 2460 932 2543 suscepisse
952 2456 1151 2522 bconfirmo:
1171 2472 1360 2544 tantumque

188 2546 277 2612 abest
290 2557 326 2610 ut
338 2544 477 2631 aliquam
492 2545 608 2610 mnam
623 2546 760 2628 gratiam
773 2544 852 2608 mibi
866 2541 1012 2629 quaesisse
1033 2543 1152 2618 videar,
1178 2555 1215 2607 ut
1238 2544 1357 2609 multas

133 2633 176 2693 25
189 2630 284 2697 etiam
299 2631 483 2709 simultates,
495 2631 611 2715 partim
621 2630 782 2707 obscuras,
798 2632 914 2715 partim
925 2642 1059 2729 apertas,
1074 2628 1260 2714 intelligam,
1275 2628 1357 2693 mibi

189 2740 255 2783 non
269 2716 468 2794 necessarius,
489 2710 580 2780 vobis
594 2738 660 2779 non
675 2714 810 2793 inutiles,
833 2737 1017 2799 suscepisse.
1063 2713 1126 2779 Sed
1140 2736 1201 2799 ego
1216 2736 1276 2789 me,
1291 2712 1356 2778 hoc

188 2801 311 2866 honore
325 2802 504 2887 praeditum,
517 2801 612 2866 tantis
623 2801 733 2867 restris
743 2800 902 2865 beneficiis
914 2800 1072 2878 affectum,
1082 2800 1187 2877 statui,
1199 2798 1354 2877 Quirites,

188 2886 322 2954 vestram
336 2889 541 2965 voluntatem,
563 2899 596 2950 et
609 2885 791 2971 reipublicae
806 2885 1002 3035 dignitatem,
1027 2898 1059 2949 et
1073 2885 1206 2949 salutem
1225 2884 1357 2970 provin·

188 2971 309 3037 ciarum
334 2986 427 3060 atque
450 2972 619 3050 sociorum,
651 2972 727 3037 meis
753 2973 840 3036 omni
864 2995 900 3036 us
925 2970 1100 3037 commodis
1125 2984 1157 3035 et
1177 2970 1356 3035 rationibus

99 3068 108 3087 .
134 3054 177 3119 30
187 3057 338 3144 praeferre
351 3070 507 3143 oportere.
943 3074 945 3079 ’

435 3216 449 3243 ⁸
461 3202 605 3285 quatenns.
963 3205 1108 3285 buffinuo.
1213 3158 1218 3164 ⁵

148 3358 153 3371 ⁹
222 3352 245 3395 1.
263 3348 368 3411 Manili]
384 3348 434 3395 Lex
451 3346 492 3395 illa
508 3362 556 3394 uou
571 3344 655 3410 parum
673 3347 755 3410 displi-
786 3347 832 3398 hle
851 3348 988 3397 defensione
1010 3347 1068 3411 legis
1086 3346 1195 3395 Munilia
1213 3362 1239 3396 ac
1257 3362 1306 3394 uou
1323 3346 1355 3393 xl

187 3411 302 3463 cuitviris
315 3413 391 3469 bouis,
408 3420 457 3460 tum
473 3412 530 3474 quia
549 3411 642 3475 publica
661 3411 756 3459 libertas
786 3413 939 3469 consulatum,
965 3413 1006 3476 qui
1033 3413 1093 3460 iuter
1119 3411 1231 3460 maximos
1251 3412 1353 3459 liouoecs

187 3474 394 3531 insinuentur,
421 3477 441 3523 si
462 3475 504 3521 uni
531 3483 604 3523 totnru
631 3475 756 3540 imperium
786 3478 923 3532 habebatur,
955 3477 1090 3541 adjumenta
1118 3485 1143 3524 et
1168 3477 1273 3540 gratiam,
1309 3474 1353 3523 recl

188 3537 244 3586 belli
253 3541 435 3599 concederetur3
449 3548 498 3587 turn
518 3540 575 3651 ‘lul‘
589 3540 700 3619 lucullus
718 3556 755 3589 re·
785 3541 890 3604 Reipub.
902 3543 997 3619 bonum,
1008 3556 1118 3605 quaerere.

186 3605 753 3735 succurrentium:
784 3600 1353 3735 .¹‘‡⁶·²⁰‘²“t⁶.⁰²u1.,¹....

186 3732 286 3780 bantur:
304 3733 356 3789 sed,
379 3731 455 3797 plebis
482 3742 555 3790 mem,
571 3749 642 3783 nemo
668 3744 754 3798 prater
785 3738 882 3786 dusest.
1041 3755 1046 3767 ·

186 3795 297 3846 Catulum
328 3798 466 3848 intercessit.
499 3797 618 3850 Plutarch.
650 3799 676 3847 in
704 3799 753 3846 vita
817 3805 857 3850 95.
875 3800 935 3849 Mitti
951 3818 995 3850 non
1013 3801 1144 3849 murita
1198 3798 1285 3847 Facere
1306 3795 1352 3845 db!

187 3860 273 3925 Pomp.
627 3862 629 3867 ⁴
785 3864 898 3914 iuvidiam
913 3865 983 3913 facile
1002 3866 1078 3929 potuit
1096 3881 1126 3930 up
1179 3861 1310 3918 Lucullum,
1326 3867 1354 3911 et

218 3927 259 3977 13.
277 3923 339 3973 Huic
348 3924 415 3992 luca]
431 3925 501 3976 Circa
516 3925 591 3974 lorum
609 3936 676 3974 erant
694 3935 753 3975 tem·
785 3928 852 3985 ulios,
869 3929 909 3993 qni
921 3931 950 3977 ud
961 3933 1006 3977 hoc
1016 3928 1104 3976 bellum
1113 3928 1246 3977 Asiaticum
1260 3939 1351 3974 summ

184 3989 227 4056 pla
235 3991 311 4047 Jovis,
329 3989 441 4047 Castoris,
457 3999 482 4040 et
492 3989 640 4039 Concordia.
785 3994 855 4042 cumi
923 3993 1128 4042 'omissiiueraut
1262 4022 1265 4027 ,

217 4054 255 4107 Is.
269 4054 411 4119 lupone]
434 4054 548 4112 Quamvis
564 4054 678 4119 templum
689 4056 752 4118 sap&
818 4009 939 4106 2&me
949 4057 1116 4121 nculcatius]
1133 4054 1215 4104 Tacite
1235 4053 1276 4103 ute
1292 4051 1351 4101 iun'·

138 4167 153 4187 ι
185 4132 229 4180 pru
254 4119 320 4169 curib
343 4122 442 4177 dicatur,
469 4128 548 4167 tumen
569 4119 696 4183 aliqnando
725 4135 751 4167 ro
783 4130 849 4179 nunt,
874 4121 1044 4185 qubd‚er1uru
1061 4120 1202 4168 simultatum
1223 4117 1305 4173 ancl,
1319 4115 1351 4164 rit

185 4181 236 4228 loro
254 4186 393 4234 nominatur.
427 4183 466 4232 Sic
484 4183 574 4240 Livius,
593 4183 635 4233 lib.
647 4187 671 4234 8.
695 4136 752 4231 Ipn-
784 4183 1237 4250 apertuiusplurimasresabiisrulubs
1252 4177 1351 4229 bound

185 4250 296 4309 mquam
306 4249 557 4312 templamapptllstum
784 4260 869 4315 gestau,
891 4266 988 4314 quaram
1006 4248 1111 4313 cognitio
1128 4248 1224 4297 totusue
1244 4244 1350 4310 Reipub-

218 4303 749 4379 respausationi-ttuJTesuturCtoero,
784 4315 910 4364 utilisetit.
