2959 4959
113 324 187 390 nii
481 323 532 392 M.
554 321 722 394 TULLII
745 320 1002 390 CICERONIS

388 511 550 580 ANNUS
573 509 717 578 URBIS
740 507 973 577 CONDITAE
995 519 1069 583 700.

175 646 328 708 Coss..Cn.
341 646 470 709 Domitio
487 644 615 717 Caluino,
639 647 687 706 M.
708 645 820 708 Valerio
835 645 971 718 Mesrofd,
992 659 1059 708 onte
1074 649 1218 711 Christum
1231 652 1280 713 59·

460 726 602 786 Ciceronis
611 726 855 807 quinquagesimus
864 736 992 808 qarrtru.

155 826 235 895 Hoc
243 830 452 917 annoJCicero
470 831 583 916 Augur
598 829 696 894 fuctus
710 844 768 909 est,
782 853 887 918 quern,
903 826 1000 896 istoto
1010 830 1146 920 collegio
1154 832 1342 920 expetitum,
1434 815 1435 818 Ἴ

112 912 180 981 Cn.
195 915 367 1003 Pompeius
382 928 414 982 et
429 914 474 992 Q.
492 916 685 981 Hortensius
700 916 916 1004 nominarunt.
1343 923 1348 934 ’

384 1086 546 1154 nauus
570 1087 713 1155 umus
737 1051 968 1154 coumrrs
991 1096 1064 1157 τοι.

194 1222 272 1283 Coss.
288 1221 342 1284 Crr.
356 1223 492 1305 Pompeio
507 1223 615 1305 Magno
628 1223 750 1296 tertium,
764 1225 826 1285 sin?
835 1223 949 1315 collegi,
970 1236 1036 1284 onte
1053 1224 1197 1285 Christum
1206 1231 1256 1288 51.

392 1371 397 1376 ,
459 1302 601 1363 Ciceronis
611 1304 855 1385 quinquagesimus
866 1313 990 1384 quintus.

154 1399 238 1467 cnm
264 1403 412 1470 Clodium
438 1405 522 1471 Milo
548 1405 763 1484 interfecisset,
785 1407 960 1492 postulatus
985 1408 1018 1470 in
1035 1407 1203 1493 judicium,
1227 1407 1247 1471 ὲ
1268 1406 1340 1474 solo

111 1486 269 1555 Cicerone
283 1489 427 1556 defensus
442 1507 501 1568 est;
525 1506 567 1570 st,
582 1491 653 1557 cdrn
669 1493 775 1558 dicere
798 1494 960 1578 inciperet,
984 1493 1028 1556 ita
1054 1494 1244 1580 importunis
1261 1494 1339 1559 Clo·

107 1573 280 1640 dianorum
295 1575 485 1642 clamoribus
499 1592 649 1664 exceptus
664 1593 719 1656 est,
744 1591 780 1642 ut
793 1576 842 1654 eft,
858 1576 923 1665 quit
937 1576 1048 1642 solitus
1062 1592 1140 1657 erat,
1156 1578 1337 1645 constantii

18 1707 22 1712 -
109 1680 177 1725 non
202 1660 334 1727 dixerit:
342 1660 457 1813 pilum&
486 1686 566 1741 eam,
583 1687 679 1750 qusrn
703 1664 868 1740 habemus,
895 1663 1071 1728 orationem
1089 1665 1203 1731 Cicero
1227 1664 1339 1751 posted

109 1745 246 1831 scripsit,
261 1746 332 1813 edm
382 1749 583 1815 iloMassiliae
597 1763 685 1829 esset,
725 1747 779 1827 ιιὸ,
794 1750 899 1813 statim
914 1764 987 1835 post
995 1749 1164 1835 judicium,
1198 1751 1337 1816 rofectus

107 1828 213 1896 fluerat
225 1832 260 1897 iu
275 1835 429 1900 exsilium.
449 1835 510 1901 ‘M
521 1835 687 1914 Saufeius,
702 1773 732 1901 C
1173 1774 1259 1902 lbtus
1273 1849 1337 1914 est3

108 1928 143 1982 et
167 1918 243 1984 Sex.
271 1921 403 1987 Clodius
429 1944 554 1987 summo
580 1923 721 1987 omnium
749 1941 903 1986 consensu
929 1920 1108 1986 damnatus.
1153 1923 1227 1988 Hoc
1252 1943 1339 1988 anno

108 1999 245 2091 fingitur
269 2006 396 2073 habitus
420 2030 524 2072 sermo
550 2009 604 2074 Dc
629 2007 762 2072 Finibus
790 2007 955 2072 Bonorum
978 2020 1010 2069 et
1036 2005 1213 2085 Malorum,
1265 2031 1339 2073 uem

111 2087 227 2154 Cicero
238 2091 328 2157 libris
342 2094 482 2179 quinque
497 2089 608 2179 posted
621 2092 815 2177 perscripsit.
847 2088 889 2154 Τ.
904 2089 1071 2156 Munatius
1083 2090 1219 2158 Plancus
1232 2031 1338 2158 lllursa

108 2172 128 2236 si
150 2175 307 2241 Cicerone
329 2192 491 2242 accusatus
514 2191 571 2257 est,
593 2191 634 2256 et,
653 2176 808 2263 Pompeio
823 2175 1023 2255 defendente,
1047 2178 1224 2253 damnatus,
1247 2177 1337 2266 qubd

98 2260 230 2325 curiam
244 2262 445 2328 incendisset.

379 2433 541 2501 ANNUS
565 2433 705 2500 URBlS
730 2432 959 2499 CONDITAE
977 2442 1060 2504 702.

199 2568 277 2629 Cosr.
291 2571 352 2630 ter.
367 2569 490 2653 Sulpicio
504 2570 591 2661 Βιψ)ξ
605 2570 651 2630 M.
668 2568 789 2632 Claudio
804 2572 954 2644 Marcello,
967 2582 1033 2632 ante
1050 2572 1192 2632 Christum
1205 2578 1256 2633 50.

462 2649 602 2709 Ciceronis
619 2649 863 2732 quinquagesimus
880 2662 982 2711 sextm.
1002 2699 1003 2704 1

134 2755 228 2821 {Post
244 2753 352 2819 Clodii
367 2753 487 2818 coedem
504 2754 620 2819 Cicero
643 2754 697 2821 De
720 2754 862 2840 Legibus
886 2756 1028 2841 scripsit:
1052 2752 1117 2841 quis
1141 2753 1181 2818 de
1204 2776 1239 2818 re
1264 2752 1338 2819 edm

82 2840 213 2927 rplures
225 2840 326 2904 libros
342 2841 526 2926 scripsisset,
550 2853 614 2904 tres
628 2838 750 2904 tantum
766 2841 806 2904 sd
822 2863 890 2919 nos,
912 2841 998 2927 iique
1013 2841 1127 2918 mutili,
1150 2837 1334 2925 pervenere.

107 2925 292 3000 Cdmmuno
306 2928 468 3011 superiore
482 2927 599 2990 i'actum
615 2939 696 2989 esset
710 2925 1051 3003 senatis-consultum,
1073 2927 1196 3012 nequis
1213 2924 1336 2990 Praeto·

104 3011 172 3076 rius
188 3023 244 3075 aut
258 3011 447 3075 Consularis
457 3012 543 3075 intra
554 3010 806 3097 quinquennium
820 3013 852 3073 in
862 3012 1058 3097 provinciam
1070 3012 1116 3076 ire
1132 3023 1247 3097 posset,
1271 3009 1335 3075 hoc

103 3096 402 3163 Senatirs-eonsulto
417 3098 463 3162 ire
477 3101 510 3160 in
525 3097 705 3181 provincias
719 3097 820 3161 coacti
836 3108 919 3173 sunt,
963 3097 994 3160 ui
1009 3097 1042 3160 in
1058 3120 1110 3161 ess
1127 3119 1168 3161 ex
1186 3094 1335 3161 Praeturfa

100 3197 160 3248 aut
176 3183 352 3248 Consulatu
367 3204 431 3246 non
449 3181 579 3247 iverant.
624 3181 662 3246 lu
678 3182 728 3246 his
743 3180 803 3246 fuit
818 3181 870 3246 M.
885 3120 1022 3259 Tullius,
1050 3183 1100 3247 cui
1125 3182 1237 3246 Cilicia
1259 3203 1336 3268 pro·
1392 3246 1400 3261 ,

102 3270 210 3334 vincia
227 3268 411 3334 Consularis
431 3269 547 3355 obtigit
571 3289 644 3331 curn
668 3270 810 3332 exercitu
833 3267 976 3353 peditum
1001 3289 1065 3333 xrr.
1091 3267 1169 3331 mill.
1192 3268 1336 3353 equiturn

100 3353 241 3419 duorum
257 3354 335 3418 mill.
352 3366 385 3417 et
399 3363 474 3420 600.
518 3351 639 3417 Tenuit
653 3355 747 3417 etism
766 3353 941 3419 Proconsul
960 3353 1103 3439 Cyprum
1120 3354 1254 3417 insulam
1277 3353 1335 3417 Ci-

101 3438 186 3505 licioe
199 3440 388 3524 oppositam,
414 3460 486 3504 curn
502 3437 603 3502 tribus
614 3438 804 3505 dioecesibus
814 3440 970 3517 Asiaticis,
990 3437 1185 3526 Cibyratici,
1210 3441 1336 3524 Synna-

99 3517 202 3603 densi,
218 3542 251 3589 et
266 3525 449 3611 Apamensi.
496 3523 588 3588 Maio
604 3547 644 3589 ex
660 3524 752 3591 Urbe
766 3525 927 3610 profectus
944 3538 1000 3603 est,
1024 3540 1058 3589 et
1084 3524 1247 3590 Brundisii
1272 3523 1332 3589 ali·

89 3609 309 3699 ‘quaediebus
323 3623 550 3689 commoratus,
574 3608 753 3679 Athenas?
773 3611 847 3676 Kal.
867 3611 977 3678 Sextii.
992 3611 1033 3675 ud
1057 3626 1160 3675 castra
1183 3610 1269 3674 venit
1291 3608 1335 3674 ad

102 3704 124 3766 7
140 3696 216 3762 Kal.
232 3697 321 3781 Sept.
336 3696 376 3761 ed
392 3697 520 3780 tertium
536 3693 614 3759 verb
629 3697 714 3782 apud
730 3697 875 3762 leonium
891 3700 1066 3770 exercitum
1082 3695 1236 3761 lustravit.
1280 3693 1349 3759 Ex'

100 3781 153 3848 bis
166 3783 289 3860 castris,
312 3781 383 3846 cdrn
422 3804 510 3846 rsves
524 3781 565 3845 de
582 3780 709 3847 Parthis
723 3784 828 3849 nuntii
850 3785 1005 3858 venirent,
1028 3783 1170 3867 perrexit
1192 3781 1225 3844 in
1253 3779 1338 3845 Citi-

93 3868 195 3949 Ῡ(ιὶαιιι,
218 3890 277 3954 per
291 3890 361 3934 esrn
408 3867 594 3952 appndociae
617 3882 738 3953 partem
763 3890 836 3954 quse
851 3870 1047 3953 provinciam
1074 3867 1161 3931 illam
1184 3867 1332 3954 attingit3

101 3976 142 4020 eo
153 3955 299 4032 consilio,
324 3969 359 4020 ut
374 3954 547 4018 Armenius
561 3952 754 4018 Artavasdes
768 3969 800 4018 ct
814 3954 874 4038 ipsi
888 3954 999 4019 Parthi
1011 3951 1219 4038 Cappadocis
1233 3974 1267 4016 se
1277 3973 1338 4016 ex·

99 4038 188 4105 cludi
227 4055 367 4107 urerent:
390 4053 423 4103 at
437 4038 554 4102 certior
568 4038 677 4117 factus,
704 4038 842 4104 Parthos
856 4039 969 4124 procul
984 4039 1060 4103 lrinc
1074 4038 1192 4114 abesse,
1219 4052 1251 4101 et
1266 4058 1335 4100 rne-

123 4065 287 4193 isCiliciae
302 4126 478 4202 imminere,
495 4123 659 4188 confestim
678 4125 738 4188 iter
761 4127 795 4189 in
820 4147 890 4189 eam
916 4125 991 4190 fecit
1010 4146 1067 4209 per
1094 4123 1197 4189 Tauri
1223 4121 1333 4206 Pylas.

131 4232 238 4276 arsum
255 4215 342 4278 venit
360 4210 402 4277 sd
426 4223 456 4276 3.
483 4208 569 4274 Non.
596 4209 714 4274 Octob.
739 4209 816 4276 indis
841 4210 881 4275 ad
904 4212 1065 4275 Amanum
1092 4221 1233 4273 montem
1261 4204 1333 4290 ple·

12 4355 19 4363 .
97 4317 177 4371 uum
192 4296 332 4363 hostium
348 4296 523 4374 contendit,
548 4295 603 4361 ubi
618 4297 660 4361 ad
675 4307 705 4362 3.
719 4295 797 4362 ldus
817 4296 935 4362 Octob.
960 4317 1111 4386 magnum
1124 4315 1249 4361 *eorum
1271 4314 1336 4360 nu·

722 1837 860 1900 'icerone
873 1834 1071 1913 defendente,
1096 1837 1172 1902 abso
