2959 4959
172 402 252 462 ..ιω
497 386 504 405 ·
592 389 648 455 ru
673 354 949 455 canuntur
971 388 1031 455 rv.

190 523 302 610 toqui
329 521 407 589 huic
435 520 506 586 urbi
534 517 715 620 praesident,
751 536 810 600 pro
833 538 878 605 ¹eo
908 512 998 591 inihi,
1031 538 1069 582 ac
1098 539 1232 597 mereor,
1261 518 1425 586 araturos

245 609 383 697 gratiam
397 631 477 675 esse:
493 604 616 682 demde,
630 605 654 666 si
670 600 749 690 quid
762 600 923 689 obtigerit,
934 623 1028 689 aequo
1040 603 1150 668 animo
1160 617 1337 694 paratoque
1351 626 1427 671 mo-

245 696 334 772 riar3
357 692 557 781 nequeenim
572 689 674 776 turpis
697 710 785 751 mors
810 687 883 751 forti
911 689 981 750 viro
1005 701 1109 773 potest
1135 691 1288 770 accidere,
1314 713 1428 778 neque

246 781 416 846 immatura
430 775 600 852 consulari,
622 797 681 838 nec
704 774 821 837 misera
845 772 991 858 sapienti.
1037 773 1106 838 Nec
1132 790 1239 842 tamen
1265 800 1327 864 ego
1350 798 1427 841 sum

246 865 301 930 ille
329 865 455 941 ferreus,
486 862 540 948 qui
568 860 673 924 fratris
708 858 861 923 carissimi
891 872 987 945 utque
1017 860 1224 926 amantissimi
1254 864 1426 969 praesentis

192 965 383 1026 ssmoerore
410 969 475 1013 non
505 968 642 1023 movear,
672 944 853 1031 horumque
881 945 1024 1009 omnium
1055 934 1214 1032 lacrymis,
1252 973 1273 1014 a
1303 948 1427 1038 quibus

246 1058 298 1100 me
319 1034 495 1099 lcircumse
511 1056 580 1097 sum
605 1030 734 1095 videtis:
767 1052 870 1116 neque
896 1052 1000 1095 meam
1027 1044 1167 1095 mentem
1193 1056 1259 1099 non
1286 1035 1426 1100 domum

244 1118 329 1204 saepd
351 1056 689 1184 revocii'lenauiman
712 1137 804 1192 uxor,
832 1115 955 1202 abjecta
985 1130 1069 1181 metu
1098 1115 1175 1195 filia,
1206 1133 1238 1184 et
1266 1120 1427 1206 parvulus

176 1220 179 1225 ’
243 1204 338 1279 filius,
354 1227 447 1292 quem
463 1204 542 1268 mihi
557 1203 681 1268 videtur
704 1201 852 1287 amplecti
878 1202 1066 1288 respublica,
1089 1215 1249 1291 tamquam
1272 1207 1425 1272 obsidem

228 1290 523 1368 consulatiisrnei3
553 1311 657 1375 neque
681 1288 745 1365 ille,
775 1288 840 1374 qui,
867 1302 1054 1373 exspectans
1079 1287 1172 1376 hujus
1193 1290 1316 1355 exitum
1348 1292 1426 1365 diei,

188 1376 350 1450 sunderat
372 1376 404 1440 lu
420 1388 590 1463 conspectu
605 1397 679 1438 meo
692 1395 809 1462 gener:
833 1395 963 1438 moveor
985 1374 1035 1438 his
1057 1372 1150 1439 rebus
1175 1375 1338 1456 omnibus,
1371 1378 1426 1442 sed

226 1462 279 1526 ·in
294 1484 364 1526 eam
379 1477 512 1548 partem,
536 1475 571 1525 ut
596 1459 670 1524 salvi
695 1461 759 1523 sint
782 1459 945 1523 vobiseur‘n
970 1482 1090 1536 omues,
1111 1459 1204 1525 etiam
1227 1460 1277 1524 ‘si
1293 1463 1344 1525 ris
1367 1462 1425 1526 ali·

174 1604 177 1611 .
244 1570 385 1635 quwme
409 1547 608 1633 oppresserit,
634 1544 738 1632 potitis
765 1545 863 1631 quam
887 1560 922 1609 ut
947 1559 979 1609 ct
1004 1545 1049 1610 illi
1076 1559 1107 1611 et
1121 1566 1180 1610 nos
1195 1544 1260 1611 unit
1276 1546 1424 1633 Reipnb.

243 1648 332 1719 peste
345 1635 520 1720 pereamus.
564 1628 688 1707 Quare,
718 1631 756 1695 P.
773 1631 811 1695 C.
835 1630 1009 1696 incumbite
1030 1629 1072 1694 ad
1099 1630 1240 1717 Reipub.
1263 1630 1424 1697 salutem:

244 1719 381 1785 eircums
405 1718 477 1784 icite
501 1740 612 1783 omnes
636 1715 800 1803 procellas,
828 1738 901 1803 quoe
923 1715 1119 1801 impendent,
1142 1717 1203 1781 nisi
1232 1716 1422 1804 providetis.

189 1821 233 1880 45
246 1805 323 1869 Nou
340 1742 414 1869 Tili.
431 1804 608 1881 Gracchus,
624 1803 678 1890 qui
701 1800 816 1867 iterum
839 1801 988 1867 tribunus
1008 1801 1113 1887 plebis
1128 1801 1198 1867 fieri
1211 1802 1332 1881 roluit3
1355 1823 1422 1868 non

229 1890 287 1956 ·C.
304 1890 483 1969 Gracchus,
510 1891 565 1978 qui
594 1888 736 1978 agrarios
762 1887 924 1953 concitare
947 1902 1081 1953 conatus
1109 1901 1176 1967 est;
1205 1911 1271 1954 non
1296 1888 1338 1955 L.
1364 1890 1422 1955 Sa·

402 2190 639 2250 ‘circumdatura
928 2190 1124 2270 ‘pereundum
1132 2188 1168 2250 sir
1181 2188 1258 2248 mutat

275 2530 318 2577 80.
337 2526 393 2575 usu
401 2526 536 2590 prauus]
569 2524 706 2574 Credebant
723 2522 757 2571 illi
773 2539 814 2572 re·
878 2522 917 2573 lb.
934 2524 1017 2591 Puta]
1033 2523 1111 2574 Tnilia
1120 2524 1415 2583 Cioeronislilianen‘aes·

241 2599 304 2642 teres
317 2591 405 2641 Urbem
428 2591 559 2656 quamlibet
578 2606 633 2638 suos
651 2590 738 2637 habere
755 2589 813 2637 dees
846 2588 923 2645 batur,
947 2607 1000 2655 quae
1017 2590 1100 2649 sormi,
1126 2591 1237 2648 moribus,
1258 2600 1285 2642 et
1301 2590 1415 2643 doctr'md·

238 2657 363 2707 'meeum
396 2656 461 2706 tuuc
483 2655 641 2711 Macrobinm,
663 2654 704 2703 lib.
728 2659 752 2701 1.
771 2654 813 2701 Sa·
846 2654 1150 2705 excellensluissedicitnr.
1338 2689 1340 2691 .

243 2730 306 2772 tum.
350 2723 422 2771 Unde
442 2720 555 2778 Runmni,
585 2721 667 2768 urbem
689 2720 813 2775 obsessuri,
879 2720 917 2767 lb.
937 2720 1151 2785 PerseiusfiliasJ·
1177 2718 1250 2768 Filius
1269 2720 1414 2771 Cicerones

243 2787 310 2853 prids
319 2789 378 2837 deos
387 2787 439 2852 ejus
455 2788 567 2837 tutelares
581 2786 627 2834 sibi
645 2785 761 2848 propitios
777 2785 812 2832 in·
845 2793 912 2847 patre
935 2785 1019 2834 Mareu
1036 2787 1132 2834 Marcus
1147 2785 1226 2834 dictus
1242 2797 1298 2845 est;
1314 2791 1344 2844 ts,
1359 2795 1412 2849 post

243 2855 369 2902 vocabant,
845 2859 943 2898 mortem
965 2851 1045 2913 patris,
1061 2848 1163 2914 Augusti
1188 2849 1288 2899 Caesaris
1310 2850 1335 2899 in
1356 2865 1411 2898 eon·

277 2917 314 2964 Ib.
332 2916 572 2982 Relaturcsgrntinsu]
605 2913 705 2963 uerene
715 2915 812 2976 gratiam
845 2916 922 2962 sulam
933 2915 1023 2980 collega
1033 2915 1273 2970 suumrPturuchua
1284 2915 1364 2964 refert.

243 2980 278 3029 dii
294 2981 412 3041 dicuntur,
430 2981 485 3031 ciam
503 2983 551 3030 suis
570 2979 698 3029 cultoribus
715 2979 813 3027 bcnet'a·
877 2983 910 3029 38
937 2979 1176 3044 remanentem]
1203 2979 1305 3028 Obsides
1314 2981 1409 3045 quiden

243 3045 317 3096 dunt.
844 3041 860 3089 ii
870 3045 980 3093 dicuntur
990 3045 1030 3110 qui
1041 3045 1056 3092 si
1067 3045 1135 3095 uictis
1152 3043 1233 3093 victori
1243 3044 1332 3093 dantur
1344 3063 1351 3093 r
1369 3045 1408 3094 aad

275 3114 317 3161 ³2.
333 3111 414 3175 Turpis
423 3114 499 3178 mers]
539 3107 628 3172 Turpis
641 3101 812 3158 morsea’dici-
843 3106 882 3156 isle
891 3111 961 3159 obses
977 3111 1071 3175 ponitur
1086 3125 1130 3174 pro
1145 3124 1256 3175 sponsore
1275 3108 1410 3159 consulatis

243 3183 289 3232 tur,
308 3193 361 3241 qnae
382 3178 413 3225 ob
433 3185 525 3241 turpem
544 3188 638 3221 cauum
657 3173 761 3231 accidit;
787 3184 812 3222 at
843 3171 972 3223 OEceronis.
1005 3175 1076 3232 Nam,
1097 3173 1152 3225 edm
1173 3173 1241 3223 uniti
1263 3173 1409 3225 ecum

243 3241 344 3305 partun
364 3242 409 3290 erit
433 3239 550 3294 Crustumi.
576 3237 596 3284 si
616 3236 640 3282 ln
659 3237 812 3288 defendendi
843 3237 904 3287 lilius
927 3240 1071 3305 diligeretur,
1097 3239 1259 3296 confirmabat,
1282 3239 1343 3289 nibil
1363 3256 1409 3289 sas·

242 3307 446 3370 patridrnoristnr.
841 3315 964 3365 capturum
985 3314 1084 3369 patrem,
1109 3305 1153 3353 nisi
1173 3304 1237 3370 quod
1260 3303 1332 3353 saluti
1353 3304 1407 3353 liei·

276 3374 316 3421 88.
349 3370 473 3418 Inmatura
497 3366 629 3431 enuntiari]
682 3365 809 3417 lrnmaturs
859 3368 898 3415 ub.
917 3369 994 3419 soret:
1011 3369 1067 3434 quia
1082 3369 1145 3419 salas
1162 3369 1286 3417 liberorum
1304 3379 1330 3418 et
1347 3369 1407 3418 ineo·

130 3460 135 3465 -
241 3442 359 3489 moneas,
370 3444 587 3494 nunantecnrsum
598 3433 809 3496 gluriepernctnm
840 3382 963 3481 lbnritasd
984 3434 1059 3483 selme
1075 3442 1101 3484 et
1123 3434 1284 3484 incolumitate
1303 3434 1407 3499 Reipub-
1436 3476 1440 3491 .

242 3498 336 3545 accidit.
353 3497 414 3547 Cinn
432 3499 502 3563 igitur
517 3498 548 3545 sd
565 3497 720 3554 consulatum,
737 3499 810 3546 masl-
840 3497 970 3560 dependet.
1449 3544 1452 3551 Α

241 3577 304 3609 mam
325 3563 428 3610 omnium
448 3562 595 3628 dignitatem,
611 3563 747 3628 pervenerit
767 3562 809 3612 ci·
871 3567 912 3611 40.
930 3564 1024 3630 Geren]
1056 3564 1143 3622 Tullia,
1155 3564 1202 3613 tilia
1212 3562 1344 3622 Genesis,
1364 3560 1406 3611 tris

239 3641 304 3703 cero,
321 3625 373 3690 jam
388 3628 413 3697 el
428 3642 489 3676 mors
506 3628 600 3677 evenire
621 3628 745 3677 immatura
765 3644 807 3676 ne·
837 3626 921 3678 babuit
936 3631 1040 3687 mantus,
1056 3647 1084 3679 ex
1104 3631 1180 3694 primo
1200 3628 1348 3704 matrimonio
1369 3626 1406 3676 Pl·

237 3699 310 3805 (lulli.
328 3755 411 3805 urm
420 3757 533 3822 sepienti]
550 3759 636 3816 Stoici,
646 3761 717 3809 etiam
724 3760 749 3807 in
761 3767 807 3807 tor·
837 3703 982 3808 :insce'cubndb
993 3690 1405 3824 eliralsbbipddeiirp·‚me:sibiliethbeb1

239 3821 332 3878 mentis,
343 3822 438 3871 beatum
449 3837 500 3870 esse
509 3825 638 3873 censebant
645 3825 786 3890 sapientem.
837 3819 924 3872 bellam
935 3842 942 3871 ε
959 3824 1038 3875 binde
1049 3824 1119 3890 carp.
1129 3825 1218 3875 Pisone
1228 3823 1312 3887 agitur.

271 3891 312 3938 84.
340 3885 429 3936 Fratris
450 3888 578 3953 mdasinrt]
627 3889 707 3938 Frater
732 3890 806 3952 ipsias
872 3893 913 3938 44.
930 3890 1008 3939 uuae·
1024 3890 1149 3955 prunellas]
1171 3891 1219 3940 Per
1253 3886 1402 3946 mellenia-

239 3952 352 4011 Quintus,
360 3952 455 4016 cognati
465 3951 549 4016 reliqui
560 3969 587 4003 ae
598 3955 735 4018 propinqui,
745 3956 803 4002 ade·
835 3954 921 4019 telligit
936 3956 1015 4004 omnia
1030 3956 1153 4020 pericula:
1169 3904 1291 4005 nanslirio
1308 3952 1324 4003 d
1339 3952 1403 4000 nris

238 4027 299 4075 rant,
309 4026 336 4067 ut
346 4019 454 4067 siderent
463 4031 534 4080 quem
544 4018 632 4066 exitum
648 4036 685 4067 res
695 4019 804 4067 habitura
835 4028 987 4084 tempestate.

235 4092 310 4141 esset,
327 4093 352 4132 et
370 4100 401 4132 an
420 4090 493 4131 morte
512 4082 663 4132 multarentur
678 4085 802 4148 conjurati.
867 4090 907 4134 ts.
937 4083 1035 4133 Titurius
1052 4084 1187 4151 rnatu]
1219 4083 1336 4140 Tiberius,
1352 4080 1402 4130 ein

237 4146 803 4205 RelertPlntarehns,Quintumnuumedioeriter
835 4150 884 4198 lieri
904 4149 977 4198 vellet
991 4151 1097 4198 tribunus
1113 4150 1198 4214 plebis,
1220 4149 1312 4197 occisus
1333 4145 1404 4195 esti

236 4212 378 4292 §leugonaus
388 4212 508 4293 impulisse
518 4213 548 4260 ad
560 4215 697 4262 sumendum
708 4215 803 4263 deeon·
835 4214 950 4276 Scipione
962 4214 1058 4272 Nasici⁴
1069 4223 1097 4264 nt
1105 4215 1177 4264 refert
1185 4214 1275 4292 Lirim,
1284 4213 1324 4262 tin
1336 4213 1376 4262 50·
1394 4274 1400 4285 .

231 4287 317 4390 'ur-'ib'
327 4280 541 4408 {bilitrudidnuam}
563 4341 698 4391 Terentiam
707 4360 801 4392 uxorem
835 4278 1402 4409 lepisagdngrribmibdebririiilbfflpdublsstsibi

234 4412 300 4453 metu
311 4413 336 4454 et
346 4423 433 4471 pavore
443 4416 614 4458 consternatam
625 4423 676 4458 esse
687 4408 729 4457 sit.
835 4409 1033 4460 distribuerentur.
