2959 4959
398 333 452 402 nr
474 329 740 412 cncrmuu,
763 295 1047 402 murmuro
1244 423 1246 428 ,
1279 419 1281 422 v
1337 335 1361 401 s

120 465 151 529 iu
160 485 213 529 rue
225 462 422 549 presidium
436 462 500 527 suis
513 462 648 529 fortunis
663 462 871 529 constitutum
893 483 963 527 esse
976 460 1225 527 arbitrarentur:
1248 460 1354 548 quill

117 571 212 627 nunc,
227 548 382 636 populati
396 560 493 636 atque
506 550 622 629 vexati,
637 549 745 615 cuncti
756 549 797 614 ad
811 571 863 614 me
876 543 1028 635 bpublice
1042 552 1126 632 saepe
1140 559 1304 625 venerunt,

116 650 151 702 ut
168 658 306 701 suarum
327 634 533 700 fortunarum
552 637 697 701 omnium
710 657 839 701 causam
861 633 1141 720 defensionemque
1168 633 1306 719 suscipe·

117 743 208 798 rem3
231 744 286 786 me
399 744 468 787 osse
483 721 671 808 pollicitum,
690 719 780 809 ¹saepe
794 719 978 798 ostendisse,
994 718 1153 797 dicebant,
1177 716 1306 805 siquod

117 821 251 894 tempus
320 808 328 823 ’
354 808 439 886 isset,
475 831 518 872 uo
529 820 671 894 tempore
684 805 837 896 sliquidd
850 829 902 872 me
911 806 1118 906 requirerent,
1128 804 1305 870 commodis
1320 815 1366 875 15

119 915 239 958 eorum
256 916 306 959 me
322 917 390 959 non
413 894 435 960 d
467 906 607 959 uturum.
652 893 785 958 Venisse
799 904 924 978 tempus
938 893 1074 970 arebant,
1097 913 1163 956 non
1185 892 1255 978 jem
1270 901 1306 957 ut

122 979 292 1045 commoda
306 1005 374 1058 sua,
397 979 454 1045 sed
469 992 506 1044 ut
521 981 616 1045 vitam
631 978 827 1066 salutemque
842 977 938 1044 totius
952 978 1135 1063 provinciae,
1151 975 1304 1042 deiende·

124 1087 210 1130 rem:
232 1089 299 1130 sese
314 1068 385 1152 jam
399 1088 442 1130 ne
456 1065 546 1130 Deos
560 1063 688 1153 quidem
703 1066 736 1129 in
751 1063 816 1128 suis
830 1063 972 1141 urbibus,
995 1063 1037 1128 ud
1058 1087 1138 1151 quos
1153 1062 1305 1213 conluqe·

126 1165 204 1230 rent,
220 1150 358 1228 hebere3
373 1150 463 1238 qubd
471 1173 581 1216 eorum
597 1150 765 1216 simulacra
776 1150 972 1214 sanctissima
985 1148 1024 1214 C.
1033 1149 1149 1214 Verres
1162 1171 1203 1215 ex
1214 1149 1255 1214 de
1267 1172 1305 1216 u·
1428 1217 1430 1226 ,

55 1285 58 1289 ι
124 1237 186 1302 bris
200 1236 449 1324 religiosissimis
463 1235 652 1302 sustulisset:
676 1259 755 1324 quas
769 1258 820 1301 res
834 1235 976 1300 luxuries
990 1233 1023 1299 in
1037 1235 1174 1323 flagitiis,
1190 1235 1305 1301 crude
1316 1245 1367 1304 ω’

123 1320 190 1388 lius
210 1321 248 1385 iu
274 1321 452 1408 suppliciis,
484 1317 615 1387 avaritia
637 1322 670 1388 in
693 1322 825 1409 rapinis,
858 1320 1009 1408 superbia
1033 1320 1066 1385 in
1090 1321 1303 1402 contumeliis,

123 1407 245 1473 efficere
269 1409 436 1494 potuisset,
460 1432 512 1474 eas
527 1430 637 1473 omnes
658 1431 725 1474 sese
740 1407 802 1473 hoc
817 1429 883 1473 uno
900 1421 1038 1494 praetore
1052 1430 1110 1495 per
1131 1408 1304 1474 triennium

120 1493 311 1594 pertulisses
333 1517 449 1582 rogare
459 1511 491 1559 et
502 1516 603 1574 orare,
618 1494 738 1560 neillos
749 1493 907 1581 supplices
918 1493 1138 1580 adspernarer,
1150 1515 1239 1581 quos,
1252 1516 1305 1559 me

122 1579 291 1657 incolumi,
304 1581 424 1645 nemini
439 1580 596 1667 supplices
607 1592 853 1667 esseoporteret.
898 1578 975 1644 Tuli
1010 1575 1302 1658 muiteretscerbd,

122 1665 258 1744 udices,
278 1667 314 1730 in
328 1689 402 1730 eum
418 1690 469 1731 me
484 1667 590 1733 locum
608 1667 793 1744 adductum,
816 1677 853 1730 ut
866 1677 922 1730 aut
935 1687 989 1729 eos
1026 1666 1147 1732 omines
1160 1687 1232 1767 spes
1247 1663 1304 1732 fal·
1317 1673 1359 1736 ’ὅ

117 1689 212 1827 leret,
228 1751 286 1838 qui
297 1774 390 1837 opem
406 1751 427 1815 si
442 1775 493 1817 me
506 1777 525 1816 a
562 1775 601 1817 ue
613 1752 768 1817 auxilium
783 1751 945 1836 petissent,
968 1762 1024 1815 eut
1037 1774 1108 1837 ego,
1131 1774 1186 1838 qur
1201 1775 1252 1817 me
1263 1750 1305 1819 ad

122 1835 348 1902 defendendos
361 1838 505 1903 homines
525 1767 712 1904 dbineunte
730 1835 945 1901 adolescentie
967 1835 1134 1913 dedissem,
1160 1851 1305 1924 tempore

13 1915 14 1926 ³
124 1937 226 2007 atque
240 1921 348 1986 officio
370 1938 492 1989 mactus
515 1922 557 1988 ad
581 1922 796 1988 accusandum
819 1919 1013 1986 traducerer.
1057 1921 1225 1999 Dicebam,
1248 1921 1306 1986 ha·
1403 1945 1406 1962 ¹

125 2006 277 2071 bereeos
290 2021 424 2073 actorem
445 2009 489 2087 Q.
511 2008 688 2086 Caecilium‚
712 2009 767 2097 qui
784 2007 961 2095 praesertim
984 2020 1123 2094 quaestor
1137 2007 1170 2071 iu
1194 2005 1305 2072 eisdem
1357 2059 1361 2068 .

125 2092 296 2179 provincial
321 2108 393 2180 post
420 2117 473 2160 me
501 2107 691 2182 quaestorem
720 2095 840 2160 luisset.
906 2092 982 2170 Quo
1011 2115 1072 2180 ego
1100 2092 1306 2180 cadjumento
1318 2102 1360 2164 30

125 2179 292 2265 sperabam
307 2178 391 2244 banc
406 2179 427 2243 d
453 2203 503 2246 me
517 2181 693 2245 molestiam
707 2203 800 2267 posse
813 2180 980 2258 dimoveri,
1000 2179 1033 2244 id
1048 2178 1127 2243 mihi
1142 2191 1212 2245 erat
1224 2178 1306 2246 ‘’ad-

125 2266 301 2330 versarium
316 2263 477 2333 maximd:
499 2289 573 2331 nam
588 2266 636 2331 illi
656 2268 758 2333 multo
773 2265 851 2331 milri
865 2264 929 2330 hoc
941 2263 1064 2330 facilibs
1077 2273 1090 2303 ‘
1101 2266 1304 2348 remisissent,

126 2349 152 2414 si
163 2351 258 2418 istum
269 2373 339 2415 non
353 2352 494 2431 nbssent,
517 2365 573 2417 aut
586 2353 612 2417 si
626 2352 686 2417 iste
699 2352 785 2441 apud
799 2375 854 2418 eos
868 2366 1007 2439 quaestor
1020 2375 1086 2417 non
1100 2352 1219 2418 fuisset.

145 2537 282 2622 bpublico
296 2538 430 2599 consilio.
508 2540 716 2602 ‘excusatione
792 2539 999 2624 ‘'contrarium.
1079 2539 1304 2602 ‘concessissent

162 2732 204 2776 10.
222 2727 251 2776 la
270 2731 375 2778 esurium
391 2728 509 2794 petrosis]
542 2730 616 2780 Siculi
637 2737 702 2779 rete·
734 2742 850 2777 cessorem
866 2730 1044 2793 exspectebsnt.
1077 2728 1143 2778 Nota
1157 2737 1236 2779 eutem
1246 2745 1308 2794 prer-

130 2807 170 2841 res
190 2800 299 2855 moues
313 2796 443 2850 iubebant,
465 2795 615 2852 Marcellum,
630 2795 703 2860 quii
734 2793 804 2840 toriae
815 2794 948 2857 provincias
958 2809 1047 2842 annues
1057 2793 1154 2856 quidem
1164 2795 1245 2852 fuisse,
1262 2798 1306 2847 sed

129 2857 208 2922 prino
217 2857 259 2906 illo
268 2859 384 2909 Meroello
396 2871 466 2909 natus
476 2860 564 2925 estqui
574 2861 702 2926 Syracusas
733 2859 763 2913 si,
786 2873 866 2921 neque
882 2859 959 2923 primo
975 2873 1053 2922 neque
1070 2861 1175 2908 secundo
1191 2876 1253 2910 nuuc
1269 2877 1307 2911 re·

129 2923 210 2987 sepit3
227 2923 359 3002 Scipiones,
377 2934 474 2989 propter
488 2925 624 2990 Scipionem
639 2924 703 2973 Afri·
733 2930 874 2971 rucsreutur
892 2932 1010 2988 praetores,
1029 2924 1153 2973 triennium
1171 2940 1212 2973 ess
1229 2927 1307 2983 adrul-

13 3033 19 3046 ‚
129 3004 223 3046 eoum,
235 3005 285 3052 qur,
296 2989 377 3039 excise
387 2989 540 3055 Cartbagine,
549 2998 618 3054 repta
628 3005 703 3054 quou-
734 2987 853 3038 uistrnsse.

130 3054 211 3103 ἀιιιιὶ
227 3054 309 3102 Panis
324 3054 413 3103 Sicilire
429 3071 472 3103 sua
490 3064 626 3104 ornamenta
641 3063 704 3103 retu·
769 3056 809 3116 ss,
827 3053 1040 3118 ragennam]
1074 3053 1308 3119 Roganturlrostt'aes,

129 3118 157 3166 lit
168 3134 176 3177 ;
189 3118 315 3175 Metellos,
331 3119 374 3182 qul
390 3119 509 3183 lepidum
522 3129 662 3185 quustorenr
678 3121 703 3166 in
734 3127 829 3166 orantur
839 3117 889 3173 Dii,
906 3117 1120 3181 iuquitPedlsnus.

130 3177 305 3247 nltpmtaeit
314 3183 461 3233 acmsbrunt.
769 3188 807 3231 24.
826 3181 935 3247 Nesciat]
986 3182 1073 3232 Omisit
1097 3183 1171 3237 alteri,
1197 3197 1228 3230 ue
1255 3183 1307 3231 bue

161 3254 203 3298 tt.
225 3248 334 3310 qulsta'
359 3258 426 3313 atque
451 3248 542 3326 strate]
598 3247 705 3297 Avaritil
735 3247 786 3296 leus
812 3248 857 3297 sibi
883 3255 996 3312 usurpate
1021 3248 1188 3314 superbissima
1213 3247 1308 3296 ridere·

130 3312 213 3362 Verris
221 3323 248 3362 et
263 3312 403 3363 cmdetiun
413 3331 461 3362 nou
478 3315 627 3364 mediocriter
637 3314 704 3362 Sicu·
736 3321 781 3361 tur.

130 3377 489 3443 lirexstisuut,utpatebite1
505 3380 558 3438 btc,
575 3378 662 3428 etaliis
678 3379 704 3427 in
769 3377 806 3426 lb.
824 3377 930 3426 Graviter
949 3386 972 3427 et
991 3377 1087 3443 mete]
1130 3377 1233 3426 Gruritoe
1253 3377 1308 3427 tulit

131 3444 349 3493 summationibus.
427 3443 430 3446 ’
738 3442 832 3500 creso,
850 3442 1308 3507 qutu,prsterooasaetudinemsusn,

164 3506 203 3555 ΙΙ).
220 3507 420 3572 nuptuire]
453 3506 706 3557 Oratoridorunesve·
738 3523 847 3557 accusare
864 3517 1002 3571 cogeretur:
1027 3508 1109 3570 acerbe,
1130 3509 1195 3571 qudd
1217 3508 1311 3559 Siculo·

129 3572 193 3622 sisse
200 3574 275 3634 dicit;
289 3589 346 3621 nuru
351 3589 429 3638 neque
437 3573 576 3622 Mamertini
585 3581 707 3631 reuerent,
738 3588 788 3620 rum
798 3572 919 3622 calamitas
930 3588 984 3622 eum
995 3582 1108 3631 moveret,
1123 3563 1165 3638 qni
1180 3572 1310 3639 pessime&

129 3639 232 3703 nequeS
252 3639 366 3687 mcussui.
737 3636 813 3686 Verre
823 3639 990 3687 membentur.

130 3739 134 3744 -
162 3703 202 3752 m.
244 3703 333 3751 σθαι
356 3703 465 3767 quidem]
500 3701 547 3751 Per
566 3717 704 3768 oxymoron,
769 3706 810 3750 28.
828 3701 915 3751 Habere
931 3703 985 3767 ers]
1028 3701 1208 3767 Iudlcstqudd
1225 3718 1311 3751 munus

131 3769 212 3816 edium
230 3768 257 3818 in
274 3767 375 3817 Verrem
396 3768 491 3824 excitet,
531 3767 555 3815 ul
572 3769 606 3816 ita
624 3767 705 3816 amuis
735 3767 863 3816 aoeuuudi
872 3767 1029 3817 Verremdse
1039 3766 1154 3832 rejecerit

132 3833 291 3897 depopulatus
306 3841 351 3890 est,
368 3840 396 3882 ut
405 3833 444 3882 vel
454 3832 507 3897 ipsa
542 3849 624 3881 eorum
633 3834 704 3882 risuu-
768 3835 810 3881 ³0.
827 3831 879 3881 Post
889 3834 943 3899 nte]
977 3833 1033 3882 Non
1050 3833 1163 3897 proxime,
1179 3848 1235 3881 nuru
1243 3831 1309 3882 Sext.

130 3895 336 3950 hermetem
737 3895 858 3946 Peducreo
883 3907 992 3963 praetore,
1018 3906 1119 3962 qusestor
1146 3896 1237 3946 tsntriru
1264 3896 1311 3943 iuit

163 3966 203 4013 19.
221 3962 385 4026 hadone]
418 3960 485 4012 Inter
498 3960 596 4010 delubra
610 3968 705 4010 ettem·
736 3961 832 4020 Cicero,
857 3971 883 4011 at
902 3963 1011 4013 (lucilius
1032 3962 1112 4012 Verre.
1144 3962 1210 4010 Inter
1229 3959 1311 4008 Pedu·

129 4027 171 4091 pls
177 4027 298 4080 Asconius
308 4029 335 4078 id
344 4026 414 4092 penit
422 4026 570 4084 discriminis,
576 4025 641 4083 qaod
652 4035 706 4075 tm·
736 4043 812 4076 caeum
828 4036 908 4078 sutem
919 4039 945 4078 et
956 4029 1064 4086 Verrem,
1080 4036 1165 4092 pretor
1180 4026 1204 4073 in
1220 4023 1251 4072 el
1264 4023 1311 4073 tart

127 4095 166 4154 pls
182 4104 238 4144 sent
254 4096 398 4159 &nabrissa
415 4093 459 4142 diis
473 4093 632 4142 attributorum
650 4092 705 4142 lenu-
737 4093 861 4142 Sacerdos.

130 4175 193 4209 ru:
207 4161 303 4210 delubra
316 4157 705 4213 mnenmeutamutamsen,
769 4161 809 4207 ³3.
828 4158 880 4207 Nos
896 4157 1003 4223 educat]
1036 4156 1159 4205 Noverunt
1173 4151 1311 4204 Siculicss-

130 4222 484 4288 imp-demuma.
736 4222 826 4280 cilium,
842 4223 896 4272 edm
907 4239 993 4288 genere
1004 4221 1097 4271 Siculus
1110 4223 1188 4265 esset:
1204 4226 1238 4274 et,
1255 4220 1311 4285 quia

163 4294 201 4339 ἦ.
217 4290 265 4339 Per
281 4291 406 4338 trierssu’ust
422 4289 558 4354 pertulism]
594 4287 640 4336 Per
659 4293 707 4335 tres
737 4298 854 4337 uorennt
874 4289 1053 4352 contiguarum
1075 4293 1100 4334 et
1118 4282 1260 4348 improbum,
1287 4285 1310 4334 ei

131 4356 296 4407 munuli
313 4353 409 4405 Auium
425 4355 552 4421 quemdam
567 4352 637 4403 Verri
654 4368 707 4403 suc·
738 4369 909 4404 caussmsusru
919 4353 1039 4403 confidere
1050 4349 1159 4399 ausiuou
1169 4358 1232 4400 suut.

987 4435 1010 4481 Ι)
