2959 4959
147 380 194 440 86
319 441 321 446 ,
552 368 653 438 PRO·
669 365 797 434 LEGE
820 365 1039 433 MANlLlA.

208 501 323 572 simusr
347 499 426 566 Asia
439 496 514 564 vero
529 509 593 561 tarn
608 496 716 581 opima
738 507 786 559 est
809 508 841 558 et
865 494 985 572 fertilis,
1013 506 1048 558 ut
1070 506 1102 558 et
1127 495 1270 564 ubertate
1284 516 1383 582 agro·

208 609 293 665 rum,
309 599 341 652 et
350 587 501 651 varietate
516 582 683 658 fructuum,
706 593 738 645 et
760 580 980 668 magnitudine
1001 582 1164 666 pastionis,
1182 596 1215 647 et
1238 583 1384 647 multitu-

173 673 407 742 5dineearum
422 691 527 734 rerum
552 689 623 754 quae
647 680 867 752 exportantur,
891 666 982 732 facile
1006 666 1156 731 omnibus
1180 670 1271 733 terris
1292 680 1386 732 ante·

207 758 313 825 cellar.
356 758 468 842 Itaque
490 753 557 817 haec
571 753 660 817 vobis
674 754 848 838 provincia,
874 752 1025 830 Quirites,
1053 754 1078 816 si
1104 754 1145 818 ad
1169 754 1242 818 belli
1263 754 1386 818 utilita-

208 857 275 910 tear
291 858 323 909 et
336 843 421 929 pacis
441 840 627 925 dignitatern
654 839 790 904 retinere
805 839 909 924 vultis,
935 861 998 902 non
1026 838 1163 902 moddd
1191 841 1385 917 calamitate,

210 930 381 996 sedetiam
410 921 430 988 a
455 939 540 989 metu
552 923 748 1002 calamitatis,
772 938 818 989 cst
840 923 1048 989 defendenda.
1093 925 1188 1002 Nam,
1206 927 1329 990 caeteris
1348 927 1384 989 in

210 1016 314 1092 rebus,
337 1012 408 1077 edm
434 1012 521 1075 venit
545 1009 717 1088 calamitas,
744 1022 812 1075 turn
839 1010 1064 1075 detrimentum
1079 1012 1254 1096 accipitur:
1278 1025 1321 1088 at,
1349 1013 1383 1075 in

152 1107 199 1171 10
210 1096 426 1184 vectigalibus,
442 1119 507 1160 non
522 1095 622 1160 soldur
638 1096 791 1161 adventus
801 1097 886 1173 mali,
904 1097 957 1160 sed
973 1098 1067 1160 ctiam
1083 1113 1183 1160 metus
1195 1097 1271 1182 ipse,
1288 1097 1385 1161 affert

208 1184 429 1249 calamitatem.
461 1179 555 1260 Nam,
571 1183 646 1247 edm
661 1182 800 1246 hostium
815 1184 915 1267 copiae
928 1204 990 1245 nun
1005 1179 1098 1267 longe
1113 1183 1239 1257 absunt,
1252 1184 1381 1247 etiamsi

208 1269 345 1354 irruptio
358 1268 441 1332 factu
455 1268 545 1331 nulla
558 1269 607 1346 sit,
620 1283 726 1332 tamen
732 1290 856 1353 pecora
871 1268 1101 1353 relinquuntur,
1118 1268 1313 1353 agricultura
1324 1269 1386 1333 de·

206 1355 332 1433 seritur,
355 1366 567 1428 mercatorum
587 1354 749 1439 navigatio
763 1353 965 1438 conquiescit.
1010 1353 1061 1416 lta
1083 1375 1185 1440 aeque
1206 1376 1246 1417 ax
1268 1369 1382 1438 portu,

206 1461 312 1528 neque
336 1462 376 1504 ex
402 1440 552 1516 decumis,
576 1461 679 1525 neque
703 1460 743 1503 ex
768 1438 935 1524 scriptura,
963 1439 1097 1523 vectigal
1112 1441 1292 1503 conservari
1318 1459 1383 1525 po-

150 1536 195 1598 la
208 1540 288 1602 test3
354 1523 410 1589 ard
425 1522 509 1610 saepb
523 1526 619 1589 totius
641 1524 717 1588 anni
738 1523 859 1589 fructus
882 1547 947 1587 uno
969 1545 1097 1588 rumore
1117 1525 1262 1610 periculi,
1283 1539 1386 1611 atque

206 1634 273 1676 uno
288 1611 327 1675 be
340 1607 363 1674 li
377 1624 509 1688 terrore,
525 1611 689 1675 amittitur.
734 1608 811 1693 Quo
832 1609 959 1674 tandem
977 1610 1084 1673 animo
1103 1633 1169 1675 esse
1180 1611 1384 1690 existimatis,

163 1749 172 1754 .
206 1713 262 1763 aut
276 1719 329 1761 eos
344 1698 398 1784 qui
421 1694 585 1783 vectigalia
607 1696 695 1760 vobis
717 1696 906 1781 ”pensitant
927 1711 981 1759 aut
1003 1717 1057 1759 eos
1079 1697 1133 1782 qui
1159 1712 1310 1762 exercent
1331 1711 1382 1762 at·

205 1804 269 1870 que
282 1783 424 1869 exigunt,
447 1780 518 1846 crim
540 1782 606 1845 duo
631 1804 720 1888 reges
735 1804 816 1846 ‘cunr
843 1782 989 1845 maximis
1010 1784 1110 1867 copiis
1132 1780 1233 1869 prope
1248 1782 1386 1848 adsint?

165 1929 170 1938 .
205 1866 278 1933 cum
294 1890 358 1933 una
379 1869 523 1932 excursio
545 1869 701 1953 equitatus
716 1869 860 1953 perbrevi
880 1881 1022 1952 ternpore
1043 1868 1139 1934 totius
1153 1870 1229 1933 anni
1243 1868 1381 1957 vectigal

145 1952 467 2039 maulerrepossit?
489 1952 561 2017 edm
585 1953 744 2038 publicani
770 1952 904 2017 familias
919 1955 1080 2031 nausimus,
1108 1977 1185 2041 quas
1210 1956 1243 2018 in
1268 1955 1383 2019 salinis

203 2038 334 2117 habeut,
357 2062 435 2126 quas
460 2040 493 2101 in
515 2040 610 2124 agris,
631 2061 708 2124 quas
724 2040 755 2100 in
776 2038 934 2185 portubus
959 2053 1053 2123 atque
1075 2040 1234 2117 custodiis,
1258 2059 1309 2104 ma
1360 2063 1383 2104 o

202 2124 346 2210 periculo
375 2146 408 2187 se
432 2123 549 2186 babere
572 2122 766 2187 arbitrentur
815 2122 992 2185 Putatis-ne
1015 2145 1069 2185 vos
1093 2124 1153 2186 illis
1178 2125 1272 2188 rebus
1292 2136 1304 2164 ⁰
1329 2126 1382 2191 rui

227 2231 305 2286 osse,
329 2208 390 2272 nisi
411 2230 474 2284 eos,
501 2208 555 2292 qui
574 2206 802 2271 vobisfructui
831 2219 914 2283 sunt,
941 2209 1208 2286 conservaveritis,
1233 2230 1298 2272 non
1326 2233 1383 2275 so-

199 2230 270 2355 lbat
285 2299 334 2377 (ut
348 2292 421 2358 ante
436 2291 517 2370 dixi)
540 2291 727 2371 calamitate,
745 2291 902 2358 sedetiam
925 2291 1112 2358 calamitatis
1134 2293 1319 2372 formidine,
1338 2295 1378 2360 li·

143 2389 190 2449 35
203 2376 355 2443 beratos?

437 2575 510 2657 ¹’qus'
522 2574 639 2636 solvunt.
876 2578 1019 2655 efructum
1033 2597 1141 2657 capere.

237 2791 261 2838 8.
282 2787 385 2837 Ubertate
402 2790 528 2855 agrorum]
569 2791 624 2839 Tria
644 2801 698 2840 sunt
719 2805 773 2839 rec·
804 2800 861 2838 turae
883 2792 1029 2852 dicebantur,
1049 2796 1112 2843 unde
1130 2795 1293 2858 scripturarius
1312 2815 1374 2863 ager.

202 2853 310 2917 ΰςιΙὶιιω
350 2856 774 2922 sers,exquibusmagnasupescol·
838 2863 870 2906 20
905 2857 934 2905 la
951 2860 1136 2925 collaudabant]
1171 2860 1243 2909 Multi
1265 2864 1375 2912 dubitant

202 2917 310 2981 ligabant
361 2918 437 2966 maai:
805 2922 1065 2983 dehicvocesatinis5
1081 2942 1134 2972 nam
1156 2935 1243 2974 certum
1261 2927 1374 2993 estqudd

238 2981 350 3040 Prlrnum,
369 2984 470 3041 decuma,
497 2986 547 3033 sive
567 2987 667 3043 decima,
695 2986 774 3050 erige·
807 2987 837 3034 ab
848 2986 917 3034 Anco
928 2987 1029 3048 Marcia,
1045 3001 1070 3037 ut
1082 2989 1174 3038 Plinius
1185 2992 1263 3049 refert,
1275 2993 1315 3041 lib.
1333 2996 1374 3041 31.

203 3047 291 3094 bantur
299 3056 377 3096 autem
395 3047 441 3095 illae
451 3049 482 3096 ab
498 3051 588 3098 civibus
599 3049 722 3106 Romanis,
734 3053 772 3100 arl
805 3065 858 3114 cap.
870 3054 894 3099 7.
905 3053 984 3099 salinae
995 3055 1079 3102 Βοωω
1090 3055 1202 3104 institutae
1212 3058 1308 3105 tuerint.
1325 3058 1374 3106 Sed

203 3110 282 3160 Latini
292 3112 393 3160 nominis
402 3112 479 3169 sociis,
488 3116 528 3178 qul
538 3115 562 3161 in
574 3113 652 3170 latta,
661 3123 772 3164 autextra
804 3115 862 3163 illud
876 3118 984 3179 vectigal.
1002 3119 1085 3183 ejectis
1096 3121 1196 3185 regibus.
1211 3122 1374 3172 senariis-con·

202 3174 307 3236 Italiam,
326 3177 445 3241 publicum
467 3194 547 3241 agrurn
564 3179 669 3233 arabant,
689 3180 772 3228 utfrn·
803 3180 864 3227 sultu
880 3182 995 3231 sublatura
1012 3193 1064 3243 est3
1109 3187 1153 3233 uod
1170 3188 1267 3236 tandem
1290 3187 1374 3237 Roma

203 3244 276 3290 menti
287 3244 398 3290 decumas
409 3243 542 3290 solverent:
560 3242 605 3290 itta
615 3242 771 3307 vcrbpotissi·
802 3244 1087 3297 iterirmcensorMarcus
1118 3250 1371 3317 'viusrctulit,quiob

201 3305 267 3354 andra
278 3307 448 3370 colligebantur
457 3322 485 3354 er
497 3307 621 3363 frumento,
634 3308 696 3364 vino,
708 3309 770 3366 ulcu,
802 3310 827 3356 id
850 3311 965 3359 Salinator
986 3315 1062 3362 dictus
1084 3326 1127 3361 est.
1168 3315 1238 3365 Certe
1256 3334 1372 3383 nosquam

199 3377 230 3419 et
238 3370 343 3434 frugibus
353 3371 456 3418 minutis.
803 3372 888 3437 legitur
906 3375 929 3421 in
941 3377 1001 3426 Asiis
1018 3390 1059 3426 ant
1075 3380 1123 3427 utta
1133 3380 1179 3427 alia
1197 3383 1319 3444 pruvincia
1329 3383 1370 3429 ira·

234 3433 379 3490 Secundum,
388 3438 506 3497 scriptura,
523 3444 548 3485 et
566 3445 617 3486 erat
627 3438 685 3485 illud
697 3437 771 3486 vecti·
803 3441 904 3502 positura
916 3457 985 3501 esse,
1007 3446 1069 3493 addc
1080 3444 1144 3508 qudd
1161 3445 1244 3495 Cicero
1256 3448 1288 3496 de
1300 3447 1370 3495 uibus

202 3497 242 3561 gal
260 3500 325 3562 quod
339 3500 484 3563 pendebatur
503 3501 533 3548 ab
552 3501 581 3550 iis
599 3504 640 3567 qui
661 3502 725 3568 silvis
746 3512 771 3551 et
802 3504 893 3553 tantinn
913 3506 1049 3558 tributorum
1069 3511 1192 3574 generibus
1208 3511 1318 3575 loquitur,
1338 3511 1368 3559 de

202 3563 297 3626 pascuis
315 3563 414 3627 publicis
433 3564 583 3614 fruebantur:
614 3567 669 3615 inde
691 3575 769 3616 autera
801 3569 882 3618 salinis
903 3587 1033 3636 nusquam3
1050 3575 1130 3639 itaque
1148 3575 1249 3633 mallem,
1265 3578 1327 3625 sicut
1345 3575 1369 3622 ia

202 3628 316 3692 scriptura
327 3628 427 3706 vectigal
439 3629 496 3678 illud
508 3630 596 3680 dictura
608 3641 652 3687 est,
663 3632 726 3696 quaid
739 3635 771 3680 de.
803 3634 881 3684 multis
892 3637 1021 3695 codicibus,
1039 3638 1084 3703 legi
1101 3641 1199 3696 saltatu,
1216 3639 1269 3689 citra
1286 3639 1370 3688 salicta

199 3699 267 3740 certo
276 3707 322 3740 aare
336 3693 474 3755 publicanus
493 3697 630 3746 conveniret
645 3712 699 3746 curn
716 3713 772 3762 pas·
803 3701 833 3746 ad
843 3714 929 3762 pascua
935 3711 1032 3766 possent
1038 3706 1221 3769 pertinereque.
1230 3705 1368 3768 plerumque

201 3763 263 3812 tore,
274 3756 380 3823 illudque
390 3759 540 3808 describeret.
803 3764 912 3814 salicibus
929 3771 1019 3817 consita
1038 3779 1100 3818 suot.
1145 3768 1237 3832 [Setina
1257 3770 1369 3819 eahiberst

233 3820 338 3869 Tertium
371 3824 480 3887 vectigal,
505 3826 611 3889 portaris»
660 3824 771 3875 Pecuniae
803 3844 883 3878 ornnes
894 3829 945 3879 libri
954 3833 1026 3884 MSS.
1038 3843 1115 3883 tuctur
1123 3835 1194 3883 etiaas
1203 3837 1310 3884 eamdem
1323 3834 1368 3882 lec·

200 3893 277 3941 erant,
283 3901 335 3952 quar
346 3888 496 3950 portitoribus
505 3890 676 3955 pendebantur,
688 3891 769 3949 idest,
800 3893 890 3943 tionem
903 3895 1006 3958 Cujasr'us
1014 3901 1045 3947 ad
1056 3898 1073 3948 1.
1085 3903 1125 3947 17.
1143 3898 1176 3945 Ι).
1188 3900 1219 3948 de
1230 3900 1302 3950 Verb.
1313 3898 1365 3963 sig·

200 3950 231 3999 lis
241 3951 282 4016 qui
294 3952 412 4001 mercedes
422 3969 451 4001 ex
462 3956 578 4004 mercibus
588 3954 613 4002 ia
625 3963 717 4018 parturn
727 3958 769 4005 de·
801 3959 844 4006 nii.
857 3968 881 4008 et
892 3961 974 4009 meritb
985 3963 1200 4029 retractaverim]

197 4017 316 4065 vehendis
326 4017 459 4082 exigebant.
834 4027 874 4072 23.
908 4027 1107 4093 Quasnam]
1155 4026 1368 4093 argument-aona

234 4086 273 4130 14.
292 4081 466 4147 usurpare]
500 4082 550 4141 Qu
566 4099 655 4149 pascua
673 4085 770 4148 publica
800 4087 877 4135 brcris
888 4091 1016 4155 conclusio,
1032 4110 1085 4143 cum
1102 4093 1263 4143 adhortatione
1280 4093 1312 4143 ad
1326 4105 1368 4140 cua

198 4142 319 4209 lambant,
327 4147 574 4215 pecmnteuraanae
585 4149 769 4215 tatioaasacrip·
800 4157 981 4206 conservandos.
1034 4203 1038 4218 ,
