2959 4959
160 336 219 393 σοι
556 278 650 391 pao
673 321 800 388 anon
822 321 1041 389 Mauram.

161 463 204 521 55
216 447 286 513 clun
297 448 364 535 jam
379 471 437 514 suo
456 451 528 535 jure
541 448 676 534 populus
693 448 858 513 Romanus
871 448 904 511 in
918 446 981 513 hoc
995 447 1126 513 humine
1139 469 1225 513 suam
1239 444 1375 512 auctori·

217 547 313 599 tatem
329 535 379 600 vel
391 552 502 613 contra
522 556 630 598 omnes
644 533 698 620 qui
713 533 900 599 dissentiunt
913 533 1012 618 possit
1025 533 1211 610 defendere'3
1232 544 1376 618 propter·

217 620 257 685 ed
271 619 368 708 qubd,
382 622 448 685 istis
458 618 709 697 reclamantibus,
718 642 773 685 vos
784 620 883 684 unum
894 619 983 683 illum
995 641 1036 684 ex
1046 621 1195 689 omnibus
1208 616 1377 704 delegistis,

116 706 121 721 ¹
217 729 310 793 quem
324 705 408 771 bello
432 702 617 790 praedonum
632 705 868 789 praeponeretis.
911 705 984 769 Hoc
1005 705 1031 767 si
1046 728 1102 768 vos
1116 704 1233 771 temere
1252 701 1374 777 fecistis,

216 805 249 856 et
263 791 442 878 reipublicae
456 786 568 874 pariam
582 790 791 866 consuluistis,
813 789 898 855 recte
912 791 963 855 isti
984 789 1089 853 studia
1102 804 1205 855 vestra
1219 790 1282 854 suis
1301 808 1378 851 con·

163 891 205 951 60
217 877 293 942 siliis
306 899 324 940 r
364 898 416 939 ere
428 884 594 943 conantur.
627 876 683 940 Sin
697 889 800 939 autem
813 899 868 940 vos
883 874 952 959 plds
964 889 1030 940 tum
1046 876 1079 937 iu
1095 896 1129 937 re
1143 873 1273 959 publica
1285 872 1381 938 vidis·

215 963 332 1041 tievos,
366 960 391 1022 is
399 961 656 1046 repugnantibus,
668 982 725 1045 per
733 960 1138 1046 vosmetipsosdignitatem
1148 960 1223 1024 huic
1234 958 1381 1045 imperio,

119 1076 122 1083 ·
215 1047 347 1113 salutern
361 1045 432 1108 orbi
447 1058 612 1124 terrarum,
633 1045 800 1122 attulistis3
822 1045 992 1133 aliquando
1003 1045 1053 1108 isti
1068 1036 1237 1130 principes,
1260 1057 1293 1108 et
1318 1040 1378 1107 sibi

215 1145 247 1197 et
266 1129 395 1207 caeteris,
419 1128 529 1216 populi
545 1129 683 1217 Romani
699 1132 834 1195 universi
859 1131 1037 1197 auctoritati
1053 1129 1228 1216 parendum
1244 1152 1322 1203 esse,
1332 1127 1380 1191 fu-

166 1256 168 1267 ·
213 1229 350 1280 teantur.
394 1215 510 1300 Atque,
527 1215 559 1277 in
581 1214 642 1279 hoc
656 1215 740 1279 bello
761 1217 901 1280 Asiatico
922 1229 954 1280 et
978 1217 1076 1303 regio,
1098 1236 1164 1280 non
1178 1212 1279 1279 soldm
1295 1213 1382 1277 mili·

162 1316 203 1373 65
215 1301 290 1365 turis
305 1300 359 1364 illu
372 1301 479 1376 virtus,
502 1321 573 1384 quoe
593 1314 639 1364 est
653 1301 686 1363 in
703 1301 763 1365 Cn.
781 1301 934 1386 Pompeio
945 1301 1125 1387 singularis,
1141 1299 1196 1364 sed
1211 1298 1283 1362 alioe
1298 1319 1383 1383 quo·

214 1408 277 1472 que
290 1387 419 1449 virtutes
434 1385 531 1448 animi
546 1384 698 1449 multae-et
712 1407 847 1482 maguae,
864 1389 1076 1472 requiruntur.
1121 1384 1260 1451 Difficile
1282 1384 1382 1447 estin

214 1469 304 1549 Asia,
319 1468 442 1548 Cilicia,
457 1467 567 1554 Lyciis,
581 1467 683 1555 syrii,
693 1492 861 1556 regnisque
869 1472 1054 1535 interiorum
1065 1472 1241 1546 nationum,
1253 1471 1297 1532 ita
1310 1490 1385 1530 ver-

215 1556 277 1621 sari
291 1568 428 1621 vestrum
442 1555 673 1639 imperatorem,
690 1568 726 1619 ut
735 1555 816 1619 nihil
830 1555 917 1620 aliud
929 1555 1024 1642 quiam
1036 1556 1076 1620 de
1084 1556 1174 1621 hoste
1188 1577 1226 1618 ac
1236 1551 1388 1618 delaude

214 1642 352 1727 cogitet:
390 1637 513 1717 deinde,
529 1640 624 1704 etiam
638 1641 720 1726 siqui
739 1656 811 1704 suut
826 1640 948 1725 pudore
959 1665 997 1706 ac
1010 1639 1222 1726 temperantia
1235 1640 1384 1705 modera-

161 1740 202 1801 70
215 1725 319 1803 tiores,
344 1736 449 1799 tamen
463 1747 516 1788 eos
538 1748 604 1790 esse
618 1716 693 1790 tales
715 1738 846 1810 propter
861 1726 1095 1791 multitudinem
1110 1726 1297 1810 cupidorum
1321 1723 1382 1787 ho·

215 1810 338 1875 minum
360 1832 455 1879 nemo
469 1810 649 1875 arbitratur.
692 1810 832 1876 Difficile
855 1825 903 1876 est
916 1811 1013 1889 dictu,
1038 1810 1189 1887 Quirites,
1211 1809 1382 1896 quantoin

216 1895 292 1960 odio
306 1898 402 1961 simus
416 1895 502 1981 apud
514 1909 637 1961 exteras
651 1897 804 1973 nationes,
827 1909 1091 1982 propter-eorum,
1106 1919 1185 1982 quos
1200 1895 1240 1959 ad
1255 1915 1382 1979 caspar

215 1981 275 2046 hos
298 1972 495 2047 annos'cum
525 1982 659 2067 imperio
684 1983 833 2058 misimus,
864 1981 994 2066 injurias
1018 2004 1056 2045 uc
1079 1981 1236 2045 libidines.
1281 1978 1382 2055 Quod

216 2068 300 2131 enim
315 2068 423 2131 fanum
437 2065 563 2149 putatis,
578 2066 612 2129 in
627 2065 687 2128 illis
702 2067 804 2142 terris,
814 2067 929 2129 nostris
937 2066 1171 2151 magistratibus
1185 2063 1381 2148 religiosum,

162 2165 309 2236 75quam
334 2144 492 2215 civitatem
514 2161 663 2226 sanctam,
687 2171 782 2234 quam
808 2150 939 2213 domum
961 2150 1035 2213 satis
1055 2149 1194 2212 clausam
1215 2169 1253 2210 ac
1274 2148 1383 2212 muni-

215 2245 290 2319 tam,
306 2232 423 2297 fuisse?
466 2231 571 2297 Urbes
580 2235 646 2317 jam
662 2233 832 2318 locupletes
847 2257 884 2298 ao
898 2236 1033 2319 copiosae
1053 2233 1293 2319 hrequiruntur,
1310 2234 1382 2318 qui·
1437 2260 1439 2263 ’

214 2317 274 2380 bus
286 2314 379 2380 causa
392 2316 477 2392 belli,
490 2331 620 2403 propter
631 2317 802 2404 diripiendi
813 2319 1029 2404 cupiditatem,
1041 2318 1203 2382 inferatur.
1227 2316 1383 2382 Libenter

203 2401 284 2471 ,haec
297 2398 406 2465 cordm
420 2422 493 2465 cum
506 2400 548 2477 Q.
560 2402 681 2467 Catulo
695 2415 727 2467 et
739 2403 782 2479 Q.
798 2403 974 2468 Hortensio
984 2404 1189 2489 disputarem,
1204 2405 1337 2467 summis
1351 2416 1383 2468 et
1416 2430 1419 2439 ¹

215 2485 395 2551 clarissimis
409 2487 503 2563 viris3
526 2502 683 2552 noverunt
697 2491 782 2552 enim
804 2489 961 2553 sociorum
976 2489 1125 2565 vulnera3
1144 2488 1253 2553 vident
1267 2510 1379 2555 eorum

159 2589 201 2647 80
215 2570 425 2648 calamitates3
447 2572 659 2658 querimonias
679 2573 823 2638 audiunt.
869 2574 933 2638 Pro
953 2576 1044 2639 sociis
1059 2595 1115 2638 vos
1135 2585 1248 2640 contra
1272 2572 1383 2640 hostes

215 2658 389 2723 exercitum
399 2658 522 2722 mittere
530 2659 657 2743 putatis,
667 2658 861 2736 an,hostium
874 2658 1082 2737 simulatione,
1095 2672 1209 2725 contra
1220 2659 1324 2724 socios
1334 2674 1380 2725 at·

215 2765 277 2830 que
291 2741 432 2808 amicos?
466 2742 672 2820 Quaecivitus
695 2744 790 2808 estin
805 2743 892 2823 Asia,
915 2766 1064 2832 quaenon
1088 2743 1187 2808 modb
1213 2746 1308 2810 unius
1322 2746 1380 2809 im·

213 2828 368 2920 peratoris
390 2840 444 2892 aut
457 2826 562 2916 legati,
585 2829 638 2893 sed
654 2829 747 2893 unius
760 2829 880 2894 tribuni
899 2831 1046 2908 militum,
1061 2830 1184 2897 animos
1198 2852 1235 2893 ac
1250 2831 1380 2914 spiritus

218 2921 345 2998 ¹cupere
358 2911 479 2998 possit?
521 2912 645 2993 Quare,
670 2914 764 2981 etiam
779 2914 898 3001 siquem
913 2915 1047 2994 habetis,
1068 2915 1134 3003 qui,
1158 2913 1305 2979 ¹¹collatis
1318 2915 1379 3000 sig·

161 3013 202 3074 35
214 2996 274 3075 nis,
298 2998 453 3062 exereitus
480 2999 584 3085 regios
611 3019 760 3083 superare
786 3022 878 3082 posse
901 2999 1046 3064 videatur
1053 3024 1062 3076 3
1085 3014 1204 3077 tamen,
1230 2999 1292 3063 uisi
1322 2999 1380 3063 erit

105 3124 109 3133 ·
214 3081 310 3163 idem,
333 3084 388 3171 qui
409 3106 442 3149 se
463 3081 484 3146 d
505 3084 648 3169 pecuniis
670 3083 837 3162 sociorum,
860 3084 915 3171 qui
939 3085 986 3164 ab¹
1001 3107 1111 3150 eorum
1130 3084 1323 3179 conjugibus
1343 3104 1380 3149 ac

331 3293 552 3372 ”inquirunturt
642 3289 804 3389 ‘continere
810 3302 838 3352 et
849 3293 962 3353 satiare.
973 3330 982 3345 ·
1053 3295 1067 3333 ¹¹
1074 3295 1171 3376 pagaei
1184 3295 1262 3353 dact.

213 3531 392 3595 improbdsseut,
416 3540 467 3580 rata
486 3548 534 3580 uon
554 3534 716 3583 habebantur:
744 3535 781 3582 sia
812 3533 913 3597 Tigrane
922 3512 1225 3599 bellumregiumappellat.
1310 3526 1318 3541 ⁹

145 3600 147 3604 ⁴
214 3604 293 3645 tutem
302 3597 378 3654 aliter,
393 3597 582 3646 admittebantur.
844 3600 885 3649 72,
902 3599 1061 3664 Quouadna]
1093 3599 1163 3648 Forte
1173 3599 1324 3648 Glabrionem
1334 3600 1379 3647 de·

246 3663 286 3708 5⁷.
315 3659 366 3708 lctis
389 3661 576 3726 reclamantibus]
618 3660 688 3718 Ciam,
705 3661 780 3710 invito
812 3661 1185 3726 algmtquilucullosuoooesit.

213 3731 305 3781 senato,
324 3725 380 3836 leqq
388 3725 491 3774 Gabinii
499 3726 622 3787 imperim
633 3728 690 3776 belli
699 3734 781 3775 conus
843 3730 883 3775 75.
900 3726 1021 3792 Serota]
1043 3728 1135 3777 Sancto
1145 3744 1182 3777 res
1191 3727 1254 3791 apud
1261 3725 1378 3790 juriscon-

213 3788 337 3851 praedones
381 3789 622 3853 mpeiodelatomest,
632 3791 780 3848 Horteruius,
812 3790 884 3840 cultos
905 3793 1022 3848 dicuntur,
1049 3807 1102 3856 qun
1121 3793 1165 3841 rite
1191 3808 1235 3855 per
1255 3784 1377 3855 pontifices

215 3852 429 3917 Catulum-aliique,
439 3854 600 3903 reclamant.
812 3855 867 3904 Deo
886 3866 1026 3906 consecrata
1039 3865 1102 3913 sunt,
1121 3857 1195 3906 veluti
1214 3856 1277 3906 edes
1299 3870 1377 3909 mero»

246 3920 286 3967 59.
301 3917 352 3967 sou
361 3918 474 3983 tenallia]
494 3917 781 3982 Jouuffngitaenuom
812 3920 909 3968 donaria
925 3922 1017 3986 templis
1033 3920 1119 3978 dictu,
1137 3920 1196 3970 muri
1212 3928 1237 3969 et
1253 3928 1326 3983 pont
1344 3919 1377 3968 ei·

213 3980 781 4045 nonbibebrntnedtantdmorationesadpo·
812 3985 908 4033 vitatio
1168 4004 1172 4019 ·

213 4046 297 4109 pidum
306 4049 391 4096 habere
401 4054 518 4112 poterunt,
536 4057 563 4096 ut
581 4048 669 4111 aliquid
681 4047 780 4095 veisun·
844 4052 884 4098 76.
902 4049 1020 4111 Urbesjam
1030 4049 1161 4113 imapum]
1195 4048 1376 4110 Urbssebam·

212 4110 354 4169 dercntvel
369 4113 545 4168 diumdereut3
562 4111 779 4177 quuristudispo-
810 4112 842 4160 ris
863 4113 1033 4177 magistratibus
1055 4114 1238 4178 inquirebantur,
1267 4121 1295 4161 at
1320 4110 1376 4160 belli

212 4174 264 4235 puli
274 4178 322 4225 suia
332 4178 434 4226 conubiis
443 4178 570 4241 regebant
810 4177 956 4226 ocoedoaem
972 4179 1093 4237 heberent,
1111 4187 1136 4227 et
1155 4195 1198 4229 cu
1211 4179 1324 4229 hostiliter
1340 4175 1374 4224 di·

246 4242 286 4291 64.
302 4239 392 4308 uaga]
424 4241 523 4294 Gestum
532 4239 742 4291 marmaridae
753 4246 779 4288 et
810 4240 919 4303 ciperem.
