2959 4959
131 362 203 440 262*
339 310 347 317 ·
630 364 681 433 IN
703 365 928 433 PISONEM.

186 497 352 564 madentes
365 495 582 562 cincinnorum
603 490 747 571 fimbria,
769 506 802 558 et
821 493 957 558 fluentes
980 505 1209 581 cerussstteque
1228 490 1353 565 buccae,

188 584 295 733 dique:
311 582 435 668 Capub,
457 582 511 647 sed
527 578 579 642 illia
599 592 719 656 vetere:
740 601 816 643 nam
838 577 907 647 ltaec
928 579 1067 665 quidem,
1091 603 1164 668 quae
1186 598 1270 643 nuno
1292 588 1351 650 est,

188 692 226 755 sp
239 668 512 734 endidissimoruur
536 663 713 740 hominum,
753 663 996 729 fortissimorum
1025 666 1177 744 virorum,
1216 661 1371 748 optimo-¹

135 758 262 820 50rum
301 755 427 829 civium,
459 749 597 835 mihique
631 749 904 825 amicissimorum,
945 749 1150 816 multitudine
1177 745 1355 815 redundat:

214 863 327 906 uorum
344 840 463 922 Capuae
477 850 508 898 te
522 840 744 918 praetextatum
760 856 853 898 nemo
865 833 1019 919 adspexit,
1043 835 1099 922 qui
1123 856 1189 900 non
1213 842 1358 922 gemeret

190 864 348 992 desiderio
363 922 440 998 mei:
462 919 706 1005 cujus'consilio,
729 916 801 983 edm
815 920 994 984 universam
1018 941 1085 984 rem
1110 921 1259 998 ublieam,
1285 932 1359 984 turn

132 1028 135 1035 ⁴
191 1012 278 1077 illam
294 1011 390 1094 ipsam
407 1005 527 1082 urbem
544 1005 754 1070 meminerant
767 1027 834 1069 essa
848 1016 1025 1069 servatam·
1098 1004 1279 1070 einauratb
1292 1018 1375 1070 sta-²

192 1096 247 1165 tub
260 1092 435 1158 donbrant:
458 1112 509 1155 me
522 1103 694 1177 patronum
709 1111 808 1155 unum
822 1092 1037 1156 adsciverant:
1059 1089 1080 1153 b
1103 1111 1155 1155 mc
1179 1113 1213 1155 se
1237 1090 1375 1155 babere'

137 1187 180 1246 εὖ
192 1182 295 1256 vitam,
312 1176 464 1254 fortunas,
487 1174 613 1252 liberos,
634 1177 889 1241 arbitrabantur:
910 1198 963 1240 me
986 1190 1018 1241 et
1030 1188 1217 1262 praesentem
1241 1189 1376 1241 conns·

185 1262 391 1330 <latrocinium
406 1276 496 1327 tuum
511 1263 575 1326 suis
596 1263 730 1326 decretis
751 1262 923 1350 legatisque
947 1261 1164 1339 defenderunt,
1186 1273 1219 1325 et
1239 1263 1376 1326 absens·-

188 1366 263 1427 tem‚
289 1348 434 1435 principe
464 1349 528 1414 Cn.
555 1347 709 1432 Pompeio
730 1348 893 1424 referente,
923 1360 955 1412 et
983 1345 1023 1412 de
1050 1368 1184 1433 corpore
1213 1345 1361 1433 Reipub.

187 1452 315 1502 tuorum
330 1435 484 1499 scelerum
508 1431 570 1498 tela
593 1432 770 1510 revellente,
793 1431 993 1499 revocbruntt
1034 1437 1088 1500 An
1116 1448 1152 1500 tu
1180 1458 1247 1500 eras
1274 1458 1364 1501 con·

188 1520 247 1598 aul,
274 1521 346 1585 edus
369 1521 404 1585 in
429 1518 553 1585 Palatio
575 1538 645 1581 mea
665 1517 780 1583 domus
801 1518 940 1596 ardebat,
967 1539 1034 1582 non
1058 1542 1133 1585 casu
1158 1520 1274 1607 aliquo,
1298 1521 1365 1586 sed

134 1614 178 1672 ab
191 1607 318 1695 ignibus
339 1607 471 1694 injectis,
493 1603 663 1689 instigante
684 1602 739 1668 tel
782 1600 828 1668 Ec
853 1602 916 1668 uod
937 1604 970 1668 in
992 1602 1054 1669 huc
1074 1606 1155 1670 urbe
1176 1607 1275 1692 majus
1297 1628 1377 1671 un·-

190 1715 288 1781 quam
303 1692 483 1756 incendium
500 1690 569 1764 fuit,
591 1689 643 1754 cui
657 1710 722 1753 non
738 1626 852 1754 consul
864 1688 1066 1755 subvenerit?
1095 1692 1141 1756 At
1155 1703 1200 1766 tu,
1215 1691 1272 1755 illo
1287 1692 1364 1778 ipso

190 1793 345 1864 tempore,
358 1775 442 1862 apud
456 1797 580 1840 socrum
596 1788 681 1840 tuam
698 1772 800 1860 prope
811 1772 832 1837 d
845 1774 923 1839 meis
933 1774 1064 1854 sedibus,
1075 1778 1163 1862 cujus
1173 1776 1362 1844 domum-ad

191 1882 296 1929 meam
324 1860 571 1929 exhauriendam
598 1860 799 1946 patefecerat,
833 1861 972 1938 sedebas,
1003 1863 1275 1940 ison‘exstinctor,
1306 1863 1362 1929 sed

192 1963 305 2016 auctor
328 1947 465 2014 incendii
477 1971 486 2021 ;
515 1960 548 2012 et
568 1946 713 2011 ardentes
737 1945 819 2010 iaces
847 1944 951 2010 Furiis
980 1946 1145 2012 Clodianis
1169 1947 1264 2034 paeni:
1292 1949 1361 2035 ipsc

67 2066 69 2075 κ
137 2044 181 2103 66
192 2027 305 2103 consul
328 2033 537 2121 ministrabas.
596 2035 648 2095 An
684 2029 762 2096 verb
795 2030 918 2117 reliquo
956 2046 1099 2119 tempore
1133 2032 1298 2101 consulem
1332 2053 1363 2099 te

225 2484 266 2530 47.
287 2478 398 2528 Medeam
410 2476 560 2526 eiaeiaaorura
568 2477 684 2543 fimbria]
708 2477 759 2528 Ga·
789 2478 886 2543 aliquod
896 2479 1196 2541 hauddabtebenenctum
1207 2484 1310 2563 qnod'ab
1319 2485 1370 2534 illo'

193 2544 271 2595 binim
281 2546 377 2609 gerebat
384 2543 482 2607 capillos
493 2543 625 2606 promissos,
635 2544 660 2591 iu
670 2543 760 2592 cincin-
791 2551 944 2608 acceperant:
955 2546 1007 2603 aed,
1016 2547 1085 2611 quale
1093 2547 1151 2596 illud
1159 2548 1236 2607 luent.
1244 2567 1360 2618 nusquam

193 2628 246 2668 nos,
268 2610 452 2664 velutfimbrias,
473 2609 582 2664 vibratos,
601 2610 761 2671 etunguentis
790 2609 912 2673 reperitur.
1147 2642 1153 2647 -

193 2676 319 2727 delibutos.
352 2674 398 2724 Per
407 2681 528 2738 ungsrcnm
538 2673 592 2722 veri
608 2674 719 2738 intelligi:
733 2674 762 2721 li·
825 2674 868 2723 54.
895 2673 1039 2740 Patronem]
1075 2676 1109 2726 En
1128 2676 1225 2727 Romuli
1243 2681 1359 2739 instituto,

193 2758 280 2807 queres
290 2740 403 2804 pretiosos
411 2748 437 2789 et
453 2740 570 2795 odoratos,
587 2739 671 2803 quibas
689 2746 762 2803 eaput
790 2739 928 2801 penniasum
939 2747 976 2787 eat
985 2739 1083 2805 plebeiis
1098 2757 1127 2790 ex
1145 2744 1247 2806 patriciis
1261 2746 1308 2795 albi
1323 2761 1359 2795 aa·

194 2808 227 2855 ad
237 2807 323 2855 iasmm
332 2804 449 2854 delicatuli
460 2804 640 2868 adspergebant.
792 2819 883 2852 sumere
903 2819 962 2868 quos
982 2804 1078 2863 sallent,
1093 2807 1135 2870 qui
1155 2808 1261 2870 ipsomm
1278 2825 1357 2859 ansas

228 2870 266 2919 lb.
293 2869 396 2918 fluentas
407 2869 497 2932 basem]
541 2869 657 2918 Flnebant
682 2867 763 2916 bacea
792 2869 953 2933 susciperent:
970 2884 1057 2934 exquo
1066 2870 1101 2918 illi
1110 2871 1206 2935 quidem
1217 2875 1319 2936 patrem,
1333 2874 1357 2923 bl

195 2934 303 2990 Gabinii,
324 2934 422 2982 fortasse
438 2942 534 2997 propter
549 2934 676 2982 balbutiem
691 2947 762 2996 qnam
794 2932 849 2982 verb
864 2933 971 2991 clientes,
990 2935 1135 2984 dicebantur.
1167 2935 1222 2986 Hoc
1240 2940 1304 2988 idem
1319 2939 1357 3003 jus

194 2999 322 3047 armabat
338 2999 466 3047 venustatis
481 2998 567 3059 eausl;
591 3014 654 3055 nam,
680 3006 707 3045 ut
730 2997 765 3044 ait
841 2998 1203 3049 teiadcivitateatransmissnm
1213 3012 1258 3060 est,
1277 3005 1358 3069 quibos

118 3066 122 3071 '
195 3062 542 3114 osteadeanenmanni:
804 3062 892 3139 iberum
903 3063 997 3112 luitaibi
1008 3064 1359 3129 pammaltomaadseiseere,

161 3232 166 3247 ,
227 3191 258 3241 ln
274 3193 327 3241 vitia
344 3193 406 3240 dacor
426 3202 466 3250 eat,
483 3191 579 3257 mdes·
600 3188 657 3239 aa'tt
675 3193 765 3240 suadas
795 3128 1075 3259 qubffsgdm]
1107 3194 1196 3245 Censet
1215 3195 1367 3249 Abrabam:¹

291 3257 367 3305 m:
794 3258 887 3305 venisse
898 3256 1004 3322 Capuam
1012 3259 1160 3318 Ciceronem,
1175 3260 1231 3312 edm
1246 3264 1321 3314 abiret
1334 3265 1358 3312 ia

262 3321 428 3386 Discuntpssu
441 3318 520 3376 siaiaaia,
536 3317 602 3384 pulsa
614 3319 712 3382 potuim
731 3322 763 3369 la·
794 3321 909 3379 exsilium,
925 3325 1077 3372 etcomnmni
1094 3326 1165 3374 totius
1182 3326 1286 3377 civitatis
1303 3342 1357 3377 voca

292 3389 338 3450 qut.
794 3384 897 3435 Romam
904 3386 993 3451 legatos
1004 3389 1084 3438 missos
1095 3404 1154 3448 esse,
1170 3392 1212 3458 qui
1221 3407 1265 3456 pro
1275 3410 1305 3443 eo
1317 3394 1358 3442 de·

229 3513 267 3561 lb.
286 3512 421 3574 esame]
441 3511 579 3588 Cerussata,
593 3511 618 3561 id
630 3521 674 3571 est,
684 3482 765 3564 dueta
794 3459 1017 3582 pregpmpbtqqm]
1051 3517 1112 3568 Ciam
1123 3518 1365 3585 OEeeroaCapnanis'

165 3595 174 3612 ⁶
196 3579 299 3630 nemasl.
339 3575 410 3623 Porrd
428 3592 521 3625 cemma
537 3577 582 3625 luat
598 3594 671 3642 genus
687 3581 765 3645 qnod·
797 3578 1039 3641 proiectusiuisaetin
1050 3585 1164 3641 edilium,
1174 3585 1305 3650 Pompeias,
1316 3583 1357 3648 qni

196 3644 253 3692 dam
270 3641 393 3705 pigmenti,
409 3655 457 3704 quo
471 3657 506 3697 se,
522 3642 553 3690 ad
572 3644 698 3692 madorem
719 3645 765 3694 sibi
795 3645 970 3694 tnncdnumvir
979 3655 1030 3696 erat
1038 3650 1104 3712 apud
1119 3649 1181 3708 illos,
1197 3651 1227 3698 de
1245 3649 1358 3698 osanna

196 3706 364 3761 adhibendum,
379 3703 508 3754 illiuebant.
795 3707 911 3759 incorum
920 3719 1002 3760 acuatu
1011 3713 1096 3762 retulit.

229 3776 270 3823 48.
286 3769 478 3835 suanam]
510 3769 599 3837 Capuan
621 3772 676 3821 olins
698 3772 766 3822 lurns
828 3775 869 3822 aa.
888 3774 984 3824 Tecrum
1003 3779 1105 3827 amiam
1122 3779 1188 3844 tais]
1219 3777 1360 3844 Maephen

197 3834 224 3889 el
231 3836 340 3902 :apamia
357 3833 426 3899 longe
442 3834 560 3900 potentiis:
578 3838 766 3896 dominabantur,
796 3840 915 3902 sumptnd
932 3841 1073 3900 vulnerabas,
1089 3845 1158 3909 qnasi
1176 3859 1247 3908 grave
1268 3844 1359 3909 aliquod

195 3903 269 3970 quita
277 3900 326 3951 istis
337 3898 458 3950 Ciceronis
468 3901 618 4014 temporibus.
796 3903 880 3953 vulnm
899 3905 1011 3956 inflictum
1029 3908 1113 3957 luisset
1130 3908 1267 4023 reipublloe
1287 3909 1302 3957 i
1322 3906 1360 3956 Pi·

229 3971 270 4018 51.
297 3965 475 4030 Praetatatm]
533 3966 631 4015 uumnri
655 3966 691 4015 illi
716 3984 766 4017 ma·
797 3968 1153 4025 sone,erlmabireinerailium
1184 3982 1360 4040 mmonemptt·

197 4032 306 4103 ‘istratus
315 4032 380 4098 apud
389 4030 514 4097 capuanos
521 4031 560 4095 jus
571 4031 691 4080 habebant
705 4046 766 4097 prae·
797 4033 868 4083 misit

197 4104 275 4148 texte.
549 4095 552 4103 ’
722 4154 726 4163 ,
829 4102 869 4149 62.
887 4100 1123 4164 Apamam.
1153 4103 1215 4162 Quas
1230 4104 1301 4155 luerit
1315 4100 1363 4158 ΠΝ

230 4163 270 4210 52.
289 4159 401 4212 Daidesis
414 4158 477 4226 aa]
505 4159 767 4226 Ciceronemoptabant
796 4161 923 4229 ignoratur,
939 4168 1112 4230 quiaauctores
1165 4170 1310 4219 manlvixin
1326 4166 1361 4215 ia·

195 4224 344 4274 duumvirum
354 4225 479 4292 Campani,
495 4242 543 4275 nnn
551 4225 669 4276 Pisonem.
796 4228 867 4279 miliia
876 4230 1013 4280 seminamur
1023 4236 1118 4284 nomina
1128 4233 1288 4299 appellamus

228 4291 270 4338 53.
296 4289 407 4340 lamet
429 4290 525 4356 aaut]
558 4291 675 4356 Campani
698 4290 767 4341 iaaa-
828 4297 868 4343 64.
896 4294 974 4344 sunu
987 4298 1132 4365 ‚Clodianis-1
1171 4296 1287 4364 Intelligit
1303 4292 1364 4349 vlrtt'

196 4349 335 4403 mtbatatub
345 4355 483 4407 Ciceronem
500 4356 655 4417 donaverunt,
670 4364 768 4424 propter
797 4358 931 4422 seditiosos,
946 4362 1300 4429 qniiClodloeonaltatlsnnt.
