2959 4959
191 353 270 421 ‚493
626 333 693 405 DE
711 334 963 437 -nulcl‘rta

210 481 288 537 testa
310 490 382 556 quoe
404 466 713 543 enim,domus‚,tam
733 464 868 540 stabilis,
894 486 967 553 quae
992 474 1058 539 tam
1083 464 1177 535 fimra
1190 456 1302 543 ‘ciritae
1323 483 1399 548 est,

100 558 104 567 ⁴
211 577 280 647 quoe
295 576 361 619 non
376 553 460 618 odiis
473 565 568 639 atque
579 550 714 621 dissidiis
728 549 874 623 funditus
887 551 989 638 possit
1003 548 1125 623 everti?
1143 573 1185 633 ea
1196 556 1400 640 qumquam·-

208 644 279 721 Jtum
293 640 373 707 boni
387 640 428 705 sit
442 640 474 704 in
490 635 642 717 amicitii,
662 636 801 724 judicari
816 650 929 787 potest.
976 639 1223 726 Agrigentinum
1245 639 1396 725 quidem,

178 727 343 793 ’doctum
358 724 528 814 quemdam
543 724 657 802 virum,
681 722 816 789 carmini
841 746 875 789 us
901 722 1028 789 Graecis
1043 724 1247 797 vaticinatum
1271 723 1398 807 ferunt,

207 815 284 903 quae
299 813 461 877 inarerum
483 808 597 879 natur&
611 820 743 907 totoque
768 808 888 873 mundo
901 822 1097 888 constarent,
1123 833 1256 899 quaeque
1282 833 1399 879 move·

209 911 333 978 rentur,
348 920 385 962 ea
400 895 586 973 contrahere
606 893 790 972 amicitiam,
815 894 963 980 dissipare
977 893 1192 965 discordiam:
1215 909 1312 984 atque
1326 897 1399 967 hoc

210 985 338 1073 quidem
354 1004 463 1047 omnes
482 980 632 1047 mortales
655 994 687 1045 et
710 979 890 1068 intelligunt
903 994 936 1049 et
949 1002 983 1045 re
996 979 1151 1065 probant.
1197 982 1215 1051 1
1273 1006 1321 1061 ue,
1347 985 1400 1049 si·

210 1071 341 1159 quando
355 1065 486 1156 aliquod
510 1064 651 1141 officium
676 1066 798 1147 exstitit
816 1066 909 1135 amici
931 1065 964 1135 in
978 1064 1125 1152 periculis
1148 996 1398 1143 autlideuudia

209 1168 267 1237 aut
280 1152 564 1231 communicandis,
586 1153 657 1241 quis
677 1165 736 1230 est,
760 1152 814 1259 qui
837 1152 871 1219 id
896 1174 962 1221 non
984 1152 1125 1221 maximis
1139 1152 1256 1221 efferat
1288 1154 1398 1225 laudi·

209 1238 295 1305 bus?
337 1238 406 1317 Qui
428 1238 583 1307 clamores
606 1234 675 1303 totlr
688 1260 783 1313 cavea
809 1260 912 1327 nuper
931 1238 964 1305 in
986 1236 1115 1324 hospitis
1131 1251 1162 1303 et
1180 1239 1285 1311 amici
1316 1241 1395 1321 mei,

208 1324 258 1393 Μ.
274 1325 416 1405 Pacuvii,
442 1318 527 1393 norit
541 1323 658 1401 sabuli,
681 1322 765 1401 crim,
786 1323 956 1411 ignorante
976 1345 1060 1411 rege,
1083 1334 1151 1393 nter
1171 1345 1284 1389 eorum
1304 1340 1396 1397 esset

208 1410 350 1491 Orestes,
378 1408 514 1498 Pylades
536 1409 684 1475 Orestem
699 1432 732 1475 se
747 1431 814 1474 esse
828 1408 958 1488 diceret,
984 1423 1021 1477 ut
1034 1431 1093 1495 pro
1118 1408 1173 1474 illo
1194 1425 1397 1490 necaretur3

208 1496 469 1581 Orestcsautem,
492 1496 536 1562 ita
550 1506 679 1575 uteret,
703 1495 850 1571 Orestem
865 1518 899 1563 se
911 1518 980 1573 csse
999 1493 1230 1581 perseveraret!
1257 1496 1395 1571 Suara

231 1583 402 1651 laudabant
424 1584 457 1647 in
479 1604 516 1647 re
536 1580 631 1647 fictae
655 1580 732 1668 quid
746 1581 939 1651 arbitramur
959 1581 992 1645 iu
1007 1580 1083 1647 veri
1105 1580 1201 1655 luisse
1220 1578 1393 1651 facturos?

207 1605 317 1769 l'acile
331 1667 493 1734 indicabat
506 1668 574 1768 ipsa
589 1679 704 1739 natura
714 1667 780 1766 vim
789 1690 903 1769 ‚suam3
926 1664 1167 1767 cdnrhqmines,
1182 1667 1271 1765 quod
1288 1668 1394 1735 sacac

204 1749 1393 1931 {tittritri?‘ulcrtrt‘iirttt,tlffftttlttltefltttt

228 1941 362 1993 raeteraa
372 1943 446 1992 sunt
457 1925 567 2013 (credo
577 1942 684 1992 autem
695 1947 763 1990 case
773 1924 900 2003 multa),
910 1923 953 1989 ab
967 1924 1016 2003 iis,
1026 1924 1059 1995 ‚si
1072 1924 1244 2004 videbitur,
1258 1926 1312 2012 qui
1320 1925 1390 1991 ista

206 1944 239 2080 d'
280 2026 381 2094 utant,
407 2013 586 2101 quaritote.
635 2009 779 2075 Fannius.
804 2010 873 2081 Nos
887 2023 993 2079 autem
1016 2007 1037 2074 d
1060 2023 1092 2076 te
1115 2010 1238 2098 potiris:
1270 2032 1388 2099 quam-

229 2035 306 2165 iiim
325 2101 420 2165 etiam
445 2098 486 2163 ab
508 2098 576 2162 istis
598 2101 681 2183 saepe
702 2095 834 2183 quaesiri
859 2108 891 2162 et
915 2095 1032 2174 audivi,
1066 2118 1133 2162 non
1155 2098 1272 2163 invitus
1297 2096 1388 2186 equi·

204 2121 297 2250 dem:
321 2184 377 2247 sed
401 2181 488 2247 aliud
510 2182 672 2269 quoddam
691 2182 869 2268 expetimus
891 2181 1156 2249 filum.orationis
1177 2196 1251 2255 tuae.
1294 2184 1387 2249 Scae·

204 2266 284 2332 volo.
315 2269 401 2333 Tum
427 2262 530 2352 magis
558 2267 591 2331 id
617 2266 748 2343 diceres,
786 2265 901 2343 Fanni,
934 2267 961 2331 si
987 2289 1091 2353 nuper
1115 2270 1146 2332 in
1173 2267 1275 2331 hortis
1306 2268 1385 2334 Sci·

202 2352 317 2440 pionis,
341 2350 413 2415 cdm
435 2363 482 2414 est
496 2348 537 2413 de
563 2349 730 2437 republiclr
744 2348 952 2434 disputatum,
980 2353 1126 2419 affuisscs.
1168 2351 1284 2428 Qualis
1303 2366 1381 2421 tum

200 2444 356 2523 'patronus
373 2434 506 2535 justitia
530 2433 592 2502 luit
605 2449 718 2511 contra
739 2448 921 2507 accuratam
945 2438 1121 2509 orationem
1147 2436 1251 2505 Philil
1299 2440 1384 2507 Fau·

202 2519 282 2588 ntus.
306 2522 414 2595 Facde
437 2519 472 2587 id
494 2521 624 2609 quidem
648 2520 719 2603 fuit,
737 2521 893 2609 justitiam
910 2522 1088 2611 justissimo
1107 2526 1177 2593 viro
1200 2523 1382 2595 delendae

204 2607 355 2677 Scaevola
378 2607 467 2687 Quid
482 2606 681 2674 amicitiam?
709 2631 818 2673 nonne
839 2607 930 2677 facile
944 2610 984 2688 ci,
1007 2611 1074 2697 qui,
1097 2612 1233 2683 obeam
1255 2611 1382 2677 summit

203 2697 279 2777 fide
303 2693 492 2793 constantiis,
508 2695 694 2787 justitiaque
707 2708 874 2771 serratam,
895 2694 1069 2771 maximam
1083 2697 1221 2785 gloriam
1236 2688 1399 2784 ceperitil

247 2782 345 2853 v111.
369 2781 502 2851 tarta.
525 2781 600 2847 vim
615 2782 677 2846 hoc
697 2780 827 2867 quidem
848 2792 895 2847 est
915 2781 1046 2848 afferre:
1069 2783 1148 2871 qua
1172 2785 1261 2857 eum
1276 2746 1393 2865 fuae!

203 2868 268 2957 qud
292 2891 344 2933 me
366 2869 491 2933 ratione
505 2865 651 2956 cogatis?
670 2868 784 2954 cogitis
805 2866 910 2935 certe:
931 2865 1044 2935 studiis
1066 2870 1152 2937 enim
1172 2892 1378 2959 generorum,

201 2954 378 3038 praesertim
392 2953 425 3017 in
449 2975 485 3018 re
497 2952 596 3033 bonai,
619 2952 690 3019 edm
710 2953 838 3021 difficile
852 2965 908 3032 est,
934 2965 1001 3023 tum
1024 2976 1066 3017 ne
1086 2977 1216 3042 requam
1235 2956 1377 3045 quidem,

201 3037 363 3111 obsistere.
407 3037 589 3126 Saepissime
604 3039 613 3102 i
640 3040 702 3104 'tur
724 3037 822 3117 milri,
837 3039 880 3104 de
891 3037 1031 3107 amicitiit
1046 3042 1220 3129 cogitanti„
1234 3037 1377 3113 maxime

200 3122 282 3189 illud
297 3124 565 3193 considerandum
580 3126 610 3201 vi
634 3125 680 3191 eri
694 3124 792 3203 solat3
815 3147 904 3204 num,
918 3139 1049 3212 propter
1064 3126 1310 3197 imbecillitatem
1325 3140 1379 3195 at·

246 3211 426 3298 einopiam,
442 3211 620 3278 desiderata
634 3211 675 3275 sit
685 3210 824 3285 amicitia
830 3236 840 3289 3
863 3214 909 3289 ut,
924 3210 1037 3281 dandis
1047 3212 1297 3300 recipiendisque
1307 3235 1378 3281 me·

227 3300 280 3375 tis,
306 3298 393 3386 quod
407 3298 539 3385 quisque
553 3295 657 3362 mimis
680 3319 739 3382 per
753 3320 786 3360 se
800 3298 869 3382 ipse
906 3309 997 3378 osset,
1021 3297 1056 3362 id
1070 3300 1228 3386 acciperet
1241 3298 1285 3367 ab
1300 3298 1376 3379 alio,

200 3384 401 3472 vicissimque
410 3383 572 3449 redderetr
591 3396 726 3457 ,enasset
739 3381 802 3463 hoc
821 3320 948 3469 quidem
960 3383 1127 3472 proprium
1138 3385 1308 3465 anicium
1321 3382 1378 3451 aad

199 3468 362 3555 antiquior
372 3483 404 3535 et
417 3469 591 3556 pulchrior,
605 3483 637 3535 et
650 3465 753 3555 magis
767 3466 788 3531 ri
801 3467 916 3535 natura
929 3469 999 3556 ipsi
1012 3470 1249 3557 prolaeta-,alia
1263 3494 1376 3549 caum

199 3572 291 3618 amor
312 3553 397 3617 enim
413 3561 469 3639 (ex
493 3552 711 3642 quo'amicitia
730 3553 909 3635 nominata)
931 3556 1080 3643 princeps
1106 3557 1210 3629 estad
1236 3557 1375 3627 benevo-

180 3638 618 3728 -lentiumxcoujungendamz
638 3648 714 3707 iram
728 3640 877 3709 utilitates
899 3641 1029 3727 quidem
1042 3644 1138 3717 ctiam
1157 3642 1245 3713 abiu
1266 3642 1375 3728 perci,

129 3760 133 3767 ,
198 3724 331 3813 piantur
352 3740 447 3808 soepe,
470 3726 536 3811 qui,
562 3727 764 3795 simulatione
786 3724 945 3806 amicitia,
974 3728 1124 3803 coluntur
1146 3740 1177 3794 et
1196 3728 1375 3801 oberran-

199 3807 362 3879 turcana
382 3800 571 3895 temporis!
587 3812 629 3881 ln
641 3811 782 3887 amiciti&
798 3824 903 3883 auteur
918 3812 999 3885 nihil
1021 3814 1145 3897 fictum,
1164 3811 1253 3885 nihil
1271 3813 1374 3891 simu·

58 3904 64 3913 ⁴
198 3896 298 3964 latum
310 3921 321 3976 ;
352 3907 392 3975 et,
445 3894 579 3982 uidqtiid
601 3898 635 3961 iu
660 3896 699 3965 ed
725 3908 784 3975 est,
816 3894 851 3961 id
876 3911 930 3967 est<
949 3922 1059 3973 rerum
1081 3914 1117 3971 et
1145 3898 1373 3977 voluntarium.

200 3983 407 4072 Quapropter
423 3917 452 4045 l
476 3978 591 4059 naturli
614 3980 694 4049 mihi
707 3980 832 4050 ridetur
854 3984 972 4070 potius,
989 3984 1091 4074 quim
1116 3987 1159 4057 ab
1178 3982 1369 4077 Qud.

198 4086 271 4137 orta
294 4068 442 4147 amicitia,
472 4078 504 4134 ct
526 4066 864 4158 applicationemagis
888 4071 986 4145 animi
1010 4072 1249 4160 cumquodm
1271 4092 1371 4143 sensu

198 4156 338 4234 arnaudi,
363 4150 492 4244 quimc
536 4153 677 4234 'tatione
692 4156 926 4242 'quantumin
946 4179 996 4233 res
1010 4159 1253 4237 utilitatisemet
1273 4154 1373 4231 lubie

153 4298 156 4311 .
198 4247 279 4305 tura.
308 4240 423 4340 „Quod
443 4176 576 4333 82¹¹an
591 4239 690 4328 quale,
706 4240 761 4321 ait,
779 4244 887 4329 etiam·
898 4244 933 4317 in
951 4241 1063 4317 bestiis
1084 4242 1374 4339 quibuabmapi·

197 4323 353 4391 madveru
365 4338 486 4413 potatu
499 4338 582 4418 ‘qna
593 4348 638 4403 err
649 4350 684 4401 sa
704 4329 856 4407 mortu
863 4339 976 4413 amant
991 4328 1038 4405 id
1051 4329 1370 4429 quoddamtnuqrm,
