2959 4959
541 346 609 427 un
631 345 871 431 amramis.
1102 336 1108 349 '
1225 368 1288 426 sn

117 477 298 543 orationem
319 475 434 564 religio
454 475 588 545 deorum
606 475 848 555 immortalium,
863 477 956 543 nobis
977 477 1227 564 defendentibus,
1242 485 1290 551 sa·

119 562 182 628 elle
197 562 357 629 vincebat.
387 565 498 649 Atque
511 562 544 628 id
558 574 664 628 actum
679 578 737 638 est,
752 581 889 648 pretore
903 585 965 642 me,
980 567 1198 654 quinquennio
1211 571 1290 637 aute

116 647 221 735 qudm
248 648 360 716 consul
389 671 460 717 sum
487 648 604 716 factust
627 649 736 736 itaque
764 670 799 712 re
826 645 937 736 magle,
963 649 1060 737 qulm
1088 657 1288 737 auctoritate,

118 734 287 800 oausaillu
299 733 497 801 defensarat.
799 764 804 779 ,
833 794 838 803 .

167 819 301 887 XXVI.
325 818 427 898 Quod
441 822 467 884 si
481 823 514 885 iu
528 818 633 897 sceud,
647 819 697 900 [id
711 832 770 898 est,
793 818 827 884 in
841 822 1026 903 concione]
1049 824 1084 888 in
1104 825 1170 912 qula
1194 827 1290 894 rebus

118 905 204 971 fictis
218 918 252 972 et
263 905 459 973 adumbratis
472 905 535 972 loci
549 906 722 991 plurimum
737 920 795 983 est,
811 921 917 972 tamen
932 930 1043 974 verum
1057 910 1151 990 valet,
1161 940 1164 946 ²
1175 913 1204 976 si
1217 934 1290 978 mo·

72 996 76 1003 '
119 989 167 1057 do
183 992 217 1056 id
232 992 421 1078 patefactum
434 1004 467 1057 et
480 991 673 1059 illustratum
688 1004 751 1068 est3
775 991 852 1076 quid
863 991 896 1055 in
917 994 1057 1060 amicitid
1070 995 1141 1061 fieri
1151 1011 1289 1083 oportet,

119 1098 195 1162 qnae
217 1089 285 1145 totu
307 1080 435 1145 veritate
456 1074 688 1163 perpenditur?
709 1077 745 1143 in
766 1074 831 1223 pppis
852 1076 923 1153 nisi,
946 1093 982 1143 ut
1000 1081 1127 1160 dicitur,
1143 1097 1289 1168 apertum

120 1175 234 1312 pectus
251 1162 367 1242 videas,
389 1176 547 1247 tuumque
559 1159 718 1238 ostendas,
744 1181 764 1223 u
803 1159 825 1224 ‘l
848 1160 959 1238 fidum,
985 1165 1065 1229 nihil
1089 1168 1291 1254 exploratum

56 1278 64 1285 ·
147 1247 258 1314 abeas:
280 1245 670 1333 neumarequidem,aut
691 1245 809 1321 umari3
832 1243 915 1323 edm,
940 1247 974 1311 id
999 1249 1094 1334 quim
1123 1253 1197 1319 vere
1221 1255 1291 1334 liat,

120 1334 261 1419 ignores.
306 1330 514 1418 Quamquam
527 1331 588 1395 ista
601 1330 781 1409 assentatio,
802 1328 944 1431 quamvls
957 1336 1135 1418 perniciosa
1155 1341 1206 1418 sit,
1232 1364 1291 1407 no·

119 1440 195 1484 cere
208 1432 325 1484 'tumen
339 1417 460 1481 nemini
475 1428 590 1502 potest,
615 1415 677 1480 nisi
702 1418 743 1494 ei,
768 1439 823 1503 qur
845 1440 915 1482 eam
935 1419 1058 1504 recipit,
1072 1424 1221 1509 atqueelr
1233 1427 1292 1492 de·
1364 1448 1371 1467 ·

117 1504 276 1569 lectatur:
298 1504 344 1567 ite
357 1503 405 1579 fir,
422 1516 458 1567 ut
471 1504 498 1566 is
512 1501 758 1567 assentatoribus
771 1502 941 1649 patefaciat
949 1524 1041 1570 aures
1054 1526 1127 1572 suas
1141 1510 1291 1591 inarime,
1320 1502 1322 1507 ’

122 1591 180 1674 qui
195 1588 262 1672 ipse
276 1587 338 1652 sibi
351 1601 535 1666 assentetur,
551 1601 585 1652 et
597 1610 631 1652 se
650 1587 769 1652 maxim
817 1588 885 1673 ipse
898 1588 1041 1656 delectet.
1085 1592 1231 1659 Omnino
1244 1611 1294 1661 est

123 1695 237 1738 amans
251 1674 300 1737 sui
314 1673 430 1739 virtus:
453 1672 575 1759 optime
597 1673 683 1737 enim
705 1695 738 1737 se
760 1673 831 1758 ipsa
849 1673 953 1752 norit,
974 1676 1134 1766 quamque
1147 1680 1299 1746 amabilis,

124 1761 177 1835 sit,
194 1758 363 1845 iutelligit:
386 1781 447 1846 ego
460 1772 565 1825 autom
581 1778 647 1822 uon
662 1757 704 1821 de
717 1757 833 1824 virtute
845 1780 932 1823 nnnc
957 1758 1081 1846 loquor,
1105 1764 1162 1829 aed
1175 1764 1217 1831 de
1228 1768 1294 1832 vir·

124 1846 203 1910 tutis
226 1845 397 1931 opinione:
424 1845 541 1909 virtute
564 1845 649 1908 enim
675 1841 745 1929 ipsd
768 1860 834 1907 non
860 1856 925 1908 tam
950 1846 1042 1909 multi
1064 1850 1191 1932 praediti
1214 1875 1298 1933 esse,

124 1929 223 2017 qudm
242 1930 355 2007 rideri,
376 1929 506 1995 volunt.¹
544 1928 617 1994 Hos
634 1927 977 2001 delectat,assentatio:
999 1930 1049 1997 his
1067 1932 1162 1999 fictus
1183 1936 1224 2000 ad
1246 1939 1295 2022 ip-

124 2038 236 2081 sorum
250 2016 444 2083 voluntatem
466 2018 571 2080 sermo
591 2013 661 2079 edm
684 2014 864 2092 adhibetur,
884 2017 1061 2081 orationem
1081 2018 1170 2083 illam
1181 2042 1297 2087 vanam

124 2102 344 2167 testimonium
366 2124 433 2167 esse
454 2100 586 2165 laudum
608 2121 734 2165 suarum
750 2111 874 2185 putant.
920 2100 1018 2166 Nulla
1039 2115 1086 2179 est
1107 2104 1206 2192 igitur
1226 2100 1298 2172 haec

125 2187 279 2265 amicitia,
297 2186 370 2251 orlm
394 2186 474 2252 alter
491 2206 603 2251 rerum
624 2185 734 2250 audire
748 2196 815 2250 non'
829 2186 907 2264 vult,
923 2186 1057 2253 alterad
1080 2191 1298 2275 mentiendum

123 2285 255 2358 paratus
269 2286 326 2337 est.
371 2271 441 2337 Nec
454 2275 663 2358 parasitorum
679 2273 711 2334 in
727 2271 894 2336 comoediis
907 2274 1183 2343 assentationobis
1192 2276 1300 2345 faceta

126 2358 301 2435 rideretur,
315 2356 377 2421 nisi
392 2371 495 2423 esseut
511 2357 634 2423 Milites
651 2356 806 2422 Gloriosi.

365 2459 493 2536 Magnas
506 2458 571 2516 uero
584 2479 671 2535 ogere
679 2460 791 2536 gratius
809 2460 837 2517 T
835 2459 898 2518 dois
911 2459 1005 2518 nulrit
1193 2497 1201 2509 ·

129 2536 216 2602 Satis
231 2549 299 2600 erat
313 2534 507 2620 respondere
519 2536 684 2620 Magnas.-
708 2537 860 2619 Ingentes,
887 2537 1001 2619 inquit.
1047 2540 1178 2624 Semper
1204 2554 1300 2629 auget

127 2633 305 2689 assentator
320 2620 364 2697 id,
380 2618 466 2706 qnod
480 2619 518 2695 is,
533 2619 622 2703 cujus
636 2616 677 2682 ud
692 2618 888 2682 voluntatem
902 2618 1030 2697 dicitur,
1050 2621 1118 2687 vult
1130 2647 1196 2687 esse
1210 2648 1305 2712 mag·-

127 2730 218 2773 num.
264 2706 494 2784 Quamobrem,
532 2700 703 2789 namqudm
719 2702 836 2767 blanda
851 2703 909 2769 ista
930 2704 1052 2769 vanitas
1073 2707 1158 2790 apud
1176 2731 1231 2773 eos
1246 2733 1300 2787 va·

125 2794 206 2870 leat,
225 2792 280 2878 qui
302 2790 362 2876 ipsi
385 2789 473 2854 illam
494 2726 644 2853 allectam
664 2801 696 2853 et
716 2787 871 2864 invitant3
894 2800 1000 2853 tamen
1021 2791 1116 2854 etiam
1137 2795 1300 2878 graviores

128 2878 423 2963 constantioresque
444 2873 638 2941 admonendi
654 2887 744 2948 sunt,
771 2887 806 2938 ut
826 2873 1091 2963 animadvertant,
1114 2899 1155 2941 ne
1183 2880 1302 2947 callidd

26 3036 29 3041 y
127 2964 342 3035 assentatione
356 2961 534 3046 capiantur.
581 2958 700 3046 Aperte
715 2959 799 3023 enim
813 2959 996 3024 adulantem
1012 2982 1107 3025 nemo
1121 2984 1186 3028 non
1202 2965 1300 3046 videt,

128 3050 191 3115 nisi
202 3051 257 3136 qui
268 3048 445 3113 admoddm
453 3058 501 3111 est
510 3067 639 3111 excors:
654 3044 787 3109 callidus
796 3044 850 3109 ille
860 3057 893 3110 et
902 3044 1045 3110 occultus
1056 3067 1098 3112 ne
1108 3070 1141 3113 se
1151 3049 1301 3128 insinuet,

129 3132 271 3201 studiose
286 3134 462 3200 carendum
478 3145 542 3196 est:
565 3152 625 3195 uec
639 3130 724 3195 enim
739 3130 887 3195 facillime
909 3133 1101 3216 agnoscitur,
1116 3136 1235 3283 quippe
1268 3138 1302 3202 ui

130 3222 225 3286 etiam
241 3220 440 3285 adversando
450 3240 536 3303 saepe
551 3228 741 3281 assentetur:
765 3229 808 3294 et,
818 3215 944 3301 litigare
958 3215 1165 3295 assimulans,
1179 3220 1199 3283 b
1211 3160 1303 3286 addi·

131 3319 216 3382 atur,
232 3320 326 3390 atqua
347 3305 388 3370 ad
409 3316 589 3370 extremum
610 3302 665 3365 dat
688 3320 809 3377 manus,
831 3302 979 3386 vincique
1000 3325 1033 3365 se
1048 3302 1196 3387 patiatur,
1218 3319 1254 3370 ut
1264 3306 1300 3384 is,

134 3390 192 3476 qui
207 3389 317 3453 illusus
328 3390 378 3467 sit,
394 3389 465 3474 plus
477 3388 591 3454 vidisse
601 3387 755 3451 rideatur.
779 3386 868 3463 Quid
880 3388 986 3451 antem
1003 3387 1136 3472 turpius,
1152 3389 1251 3475 qudm
1265 3391 1304 3457 il·

132 3473 229 3542 ludi?
249 3475 338 3562 quod
352 3496 394 3538 ne
407 3474 539 3551 accidat,
554 3469 656 3560 mugla
669 3472 844 3537 cavendum
860 3485 968 3547 estut
981 3471 1015 3536 in
1030 3472 1197 3556 Epiolero:
1283 3492 1288 3496 ’

191 3563 194 3568 ’
376 3575 537 3645 Hodierna,
551 3584 720 3634 anteomuet
732 3573 848 3631 comicos
860 3564 958 3633 stultos
971 3593 1058 3645 teum,

383 3653 507 3714 Versdrt‘t
520 3663 602 3735 utque
614 3651 714 3713 luserit
727 3649 892 3711 lautissimd.
933 3686 938 3693 «

137 3736 226 3801 Hoeo
238 3734 326 3803 enim
340 3732 610 3800 etisminfabulis
630 3729 812 3797 stultissima
833 3751 969 3819 persona
993 3742 1040 3797 est
1053 3733 1306 3819 improvidorum

139 3834 173 3887 et
186 3822 389 3889 credulorum
404 3840 525 3885 senum.
888 3820 889 3827 ’

185 3905 337 3973 XXVII.
361 3904 436 3986 Sed,
451 3903 633 3991 nescioquo
647 3914 752 3991 pacto,
766 3901 967 3969 ab'amicitiis
976 3903 1189 3989 perfectorum
1203 3901 1309 3967 homi-

139 4014 231 4070 num,
252 3991 287 4054 id
307 4005 365 4067 est,
386 3990 587 4078 sapientium,
611 3988 665 4136 ade
685 3988 748 4054 hiso
768 3989 842 4055 dioo
863 4012 896 4054 sa
921 3988 1029 4065 ientid,
1047 4009 1120 4073 quae
1132 3987 1260 4053 videtur
1272 3987 1309 4053 in

140 4077 432 4144 hominemoadere
445 4074 550 4179 posse)
562 4074 605 4139 ad
630 4084 700 4139 er'es
714 4075 869 4141 amicitias
906 4073 1013 4138 ederit
1027 4072 1140 4137 oratio.
1184 4070 1310 4148 Quam·

138 4165 251 4229 obrem
272 4161 314 4227 ad
336 4161 391 4226 illa
408 4185 512 4249 prima
525 4159 701 4239 redeamus,
718 4183 818 4247 eaque
830 4159 899 4243 ipsa
911 4155 1141 4223 concludamus
1165 4156 1310 4245 aliquau-

132 4248 194 4315 do.
211 4248 216 4253 ’
240 4248 360 4327 Virtus,
381 4249 491 4329 virtus,
513 4247 654 4336 inquam,
672 4246 710 4316 C.
726 4244 841 4322 Fauni,
856 4256 889 4306 et
899 4255 949 4342 tu,
973 4240 1016 4321 Q.
1033 4240 1190 4343 Mutuet
1202 4244 1311 4315 conoi-

141 4330 200 4401 liat
220 4335 384 4413 amicitias,
406 4344 438 4403 et
458 4344 634 4404 conservat.
676 4333 717 4400 ln
738 4329 779 4400 est
799 4338 943 4400 'esterna
956 4336 1178 4399 convenientia
1191 4351 1315 4415 rarum,
1394 4392 1397 4405 ‚
