2959 4959
150 353 215 417 424
615 353 895 423 PHILIPPICA
916 353 965 425 tt.

214 484 365 567 solebam,
384 510 441 575 spe
466 484 602 553 victoria
615 481 701 555 elati,
713 481 925 561 obstitissent3
949 496 984 552 ut
997 484 1061 552 alia
1074 484 1230 557 omittam,
1245 493 1277 544 tu
1290 473 1375 542 certe

213 594 379 656 nunquam
395 577 428 640 in
445 577 503 639 hoc
516 569 635 644 ordine,
651 566 702 631 rel
726 566 832 653 potiris
856 589 1022 657 nunquam
1043 573 1077 636 in
1093 569 1155 635 hac
1180 568 1271 644 urbe,
1290 584 1375 628 man·

157 665 200 723 20
213 657 314 724 sisses.
362 656 565 727 arvernen.
581 653 727 738 Pompeii
743 652 935 718 voluntatem
951 655 972 719 ai
986 678 1039 722 me
1054 655 1260 721 abalienabat
1282 648 1374 716 oratio

213 765 297 810 mea.
346 749 397 812 An
422 743 473 807 ille
494 759 682 825 quemquam
733 736 780 802 lrls
804 736 940 802 ditexit?
961 762 1036 805 cum
1065 740 1133 806 ullo
1150 756 1206 806 aut
1221 757 1377 804 sermones

215 844 271 896 aut
295 831 420 897 eonsilia
447 822 599 889 ‘contulit
624 761 764 908 sapida?
785 822 871 910 quod
896 822 1025 911 quidem
1051 841 1121 891 erat
1146 846 1321 913 magnum,
1347 818 1382 885 de

151 979 161 996 ,
214 913 356 982 bsummi
378 934 412 976 re
436 909 665 985 dissentientes,
692 909 725 972 in
755 908 865 974 eirdem
886 911 1118 976 consuetudine
1140 911 1303 977 amicitias
1316 929 1383 995 per·

214 1022 347 1067 manere.
384 994 446 1061 Sed
461 1008 525 1060 ete
547 1015 568 1058 o
590 994 667 1081 quid
685 994 748 1071 ille,
762 1008 794 1060 et
808 992 920 1059 eontra
940 993 992 1059 ille
1005 995 1084 1081 quid
1100 1018 1164 1084 ego
1179 1010 1212 1061 et
1227 997 1385 1061 sentirem

155 1093 198 1155 95
213 1101 243 1151 et
256 1099 437 1168 spectarem,
449 1018 591 1146 videbat.
683 1104 703 1145 o
718 1081 929 1146 incolumitati
942 1081 1055 1145 civium
1068 1081 1222 1165 primirm,
1245 1095 1288 1146 ut
1306 1091 1388 1169 post·

208 1168 244 1232 ed
264 1168 295 1231 di
320 1167 411 1232 nitati
436 1189 621 1253 possemus3
646 1166 861 1254 ileproesenti
886 1166 1030 1253 dignitati
1050 1163 1152 1252 potids
1176 1169 1392 1232 consulebat.

207 1192 428 1330 Quadrantem
437 1254 579 1318 habebat
594 1266 737 1341 uterque,
751 1254 836 1340 quod
849 1266 1037 1341 sequeretur,
1047 1249 1164 1317 ideireo
1175 1250 1394 1318 tolerabilior

204 1353 273 1404 erat
297 1357 409 1406 nostra
431 1340 594 1405 dissensi0.
639 1339 728 1416 Quid
745 1338 821 1404 verb
847 1338 902 1406 ille
915 1337 1078 1424 singularis
1091 1338 1139 1402 vir
1152 1359 1189 1401 ac
1203 1334 1310 1422 paene
1343 1338 1395 1401 di·

204 1426 296 1491 vinus
311 1428 351 1493 de
367 1450 418 1492 me
434 1428 575 1504 senserit,
590 1428 702 1504 sciunt,
720 1428 774 1513 qui
790 1447 862 1491 eum
878 1425 919 1490 de
935 1423 1114 1489 Pharsalici
1127 1421 1203 1524 fogia
1222 1421 1397 1510 Paphum

150 1519 192 1578 30
203 1516 359 1598 persecuti
376 1529 459 1579 sunt.
506 1513 676 1604 Nunquam
700 1513 740 1577 ab
767 1534 807 1577 eo
821 1511 941 1576 mentio
965 1509 1006 1576 de
1031 1532 1092 1588 me,
1113 1509 1172 1573 nist
1187 1508 1391 1584 honorifica,

205 1600 266 1664 nisi
281 1600 376 1686 plena
391 1600 573 1665 amicissimi
596 1598 763 1674 desiderii3
794 1596 866 1663 edm
889 1620 940 1661 me
954 1596 1070 1662 vidisse
1083 1594 1155 1682 plus
1169 1594 1347 1673 fateretur,
1363 1618 1390 1658 se

205 1688 381 1771 speravisse
404 1685 546 1751 meliora.
579 1685 623 1751 Et
637 1687 702 1772 ejus
717 1685 778 1748 viri
793 1684 923 1748 nomine
938 1704 988 1748 me
1002 1682 1150 1747 insectari
1165 1679 1285 1758 audes,
1303 1684 1389 1770 eujus

205 1793 258 1837 me
273 1773 422 1853 amicum,
436 1770 468 1839 te
480 1785 645 1847 sectorem,
660 1794 727 1836 esse
736 1768 878 1836 fateare?
902 1768 964 1835 Sed
976 1769 1142 1833 omittatur
1153 1765 1284 1831 bellum
1301 1767 1384 1839 illud,

206 1856 330 1949 inquo
355 1875 390 1926 tu
416 1858 548 1924 nimiirm
574 1858 652 1922 felix
676 1857 772 1923 inisti
830 1857 880 1922 Ne
903 1855 985 1943 joeis
1009 1852 1139 1942 quidem
1169 1851 1379 1939 respondebo,

148 1953 194 2012 85
207 1947 323 2034 quibus
337 1972 389 2012 me
403 1948 436 2009 in
452 1945 561 2011 castris
576 1967 667 2009 usum
682 1967 749 2008 esse
773 1942 894 2009 dixisti.
939 1940 1042 2006 Erant
1063 1938 1118 2003 illa
1132 1939 1271 2026 quidem
1284 1952 1380 2005 castra

204 2033 302 2118 plena
324 2056 425 2108 curae3
449 2044 664 2095 verumtamen
691 2030 847 2109 homines,
871 2024 1015 2116 quamvis
1040 2025 1073 2089 in
1102 2025 1268 2091 ‘turbidis
1291 2024 1382 2089 rebus

204 2117 278 2193 sint,
297 2132 411 2191 tamen,
428 2117 454 2177 si
469 2114 566 2178 model
591 2115 736 2178 homines
751 2115 835 2191 sun't,
857 2112 1020 2179 interdum
1040 2112 1156 2177 animis
1180 2112 1377 2176 relaxantur.

203 2198 303 2271 Quod
339 2211 444 2260 autem
481 2197 565 2258 idem
603 2200 785 2260 moestitiam
822 2220 926 2261 nrenm
962 2197 1178 2282 reprehendit,
1204 2197 1292 2260 idem
1324 2198 1375 2281 jo·

201 2300 284 2357 curn,
314 2300 432 2365 magno
452 2291 647 2363 argumento
669 2293 724 2357 est,
751 2302 803 2343 me
823 2281 856 2343 in
880 2292 1020 2368 utroque
1040 2281 1138 2349 firisse
1166 2281 1373 2347 moderatum.

375 2622 615 2683 ‘communicavit
778 2624 879 2708 '‘pdce.
924 2609 929 2614 “
1021 2627 1200 2689 '‘tristr‘drer.

198 3079 255 3113 cero
264 3066 394 3115 censebant
403 3066 492 3115 bellurn
502 3066 561 3115 illud
572 3082 624 3115 esse
635 3066 766 3129 producen·
797 3066 888 3133 scripti,
900 3067 950 3132 qai,
961 3083 1028 3133 spem
1050 3068 1215 3118 sectamtacri
1233 3072 1276 3126 sui,
1289 3070 1362 3122 idest,

200 3131 274 3192 dum5
290 3139 315 3179 et
331 3132 477 3181 obsistebant
492 3141 612 3180 senatores
631 3140 656 3179 et
675 3134 767 3244 eqpites
798 3141 892 3182 secutus
908 3149 975 3197 spem
992 3132 1152 3182 estimationis
1170 3151 1231 3192 sure,
1251 3138 1306 3183 boos
1314 3148 1360 3180 oar·

199 3196 250 3245 ieris
266 3197 375 3255 universi,
392 3197 406 3245 is
423 3198 507 3260 quibus
531 3196 567 3245 vel
592 3195 680 3245 inritus
718 3214 767 3245 om·
798 3197 958 3247 nissuctioae
973 3199 1065 3253 rendit,
1083 3206 1107 3245 et
1121 3200 1197 3248 semel
1211 3201 1280 3249 infert
1295 3214 1360 3262 pecu·

199 3262 270 3324 peius
280 3264 311 3310 ad
320 3279 422 3327 pugnam
431 3262 545 3326 Impulsus
553 3268 603 3310 ests
614 3262 768 3310 certissimam
798 3263 862 3310 niam
873 3262 911 3310 rel
921 3263 1011 3320 aterio,
1022 3262 1059 3312 ecl
1070 3264 1148 3313 sociIs.
1181 3264 1222 3313 Ite
1243 3265 1360 3315 Pedianus.

199 3326 265 3373 enim
275 3327 318 3374 sibi
331 3327 451 3377 victoriam
463 3326 637 3391 promittebant.
776 3327 883 3377 *Cicero
902 3336 981 3375 autem
1003 3328 1087 3377 acerbi
1102 3328 1238 3378 Antonium
1259 3341 1361 3380 sectomm

233 3395 272 3436 20.
290 3392 379 3438 Arreti
391 3391 424 3440 Cn
436 3391 553 3457 Pompeiu]
579 3389 707 3457 Objecerat
718 3390 767 3439 hn-
799 3390 908 3455 Pompeii
920 3392 1037 3456 appellat,
1053 3393 1109 3471 quis
1125 3396 1169 3442 sub
1180 3397 1250 3442 hasti
1262 3395 1360 3444 osrede·

199 3454 277 3500 tonius
294 3453 413 3513 mearant,
434 3455 574 3521 Pompeium
593 3456 618 3503 in
639 3457 720 3505 eastris
736 3456 767 3503 ab
799 3467 881 3512 meret,
890 3454 944 3504 erim
955 3472 1025 3506 nemo
1035 3460 1095 3508 slros
1105 3469 1141 3508 sat
1151 3460 1277 3524 impudens
1287 3475 1359 3523 reper-

198 3534 228 3565 eo
239 3516 317 3564 alieno
328 3518 400 3568 fuisse
408 3520 496 3578 animo,
513 3524 577 3586 quod
590 3537 620 3570 ne
632 3519 694 3585 jocis
731 3522 766 3569 ui·
798 3530 835 3569 tus
845 3521 1143 3585 sitquisdillodiacmus
1154 3527 1282 3574 accederet.

198 3583 254 3630 dem
265 3583 288 3630 in
300 3585 403 3632 exercitu
412 3584 612 3648 abstinuisset5rt
622 3586 706 3636 Cioero
740 3601 766 3633 n·
831 3590 872 3635 34.
889 3583 925 3632 Ne
927 3588 986 3649 jocis
996 3589 1104 3654 pridem]
1128 3585 1358 3652 ffilsriquidemsuit

197 3647 256 3696 tonii
267 3647 406 3695 calumniam
416 3649 492 3696 diluit.
798 3651 876 3698 animo
883 3649 978 3710 Cicero,
990 3654 1032 3702 sed
1045 3655 1155 3704 mordaci.
1173 3653 1261 3715 Itaque.
1271 3651 1323 3701 erim
1333 3650 1358 3699 ei

231 3718 271 3766 Ἠ.
287 3713 329 3760 Sed
338 3720 381 3760 ete
396 3714 473 3775 aquid
482 3714 525 3761 ills.
574 3714 703 3780 Pompeios
715 3716 767 3765 nul·
799 3713 928 3778 Pompeios
935 3717 1056 3782 objiceret,
1067 3719 1117 3769 Seri
1127 3721 1188 3776 serris,
1199 3717 1289 3776 Ciam
1310 3714 1358 3764 Nou

197 3777 338 3843 lampacem
350 3730 506 3826 roIebetcum
540 3793 628 3854 rasere:
644 3798 696 3829 eam
709 3781 764 3829 versi
795 3779 938 3893 seri,inquit
955 3783 1012 3832 ille:
1033 3785 1156 3834 nihilrnin
1170 3783 1230 3831 rideo
1246 3792 1355 3846 matun.

89 3903 94 3908 .
198 3844 282 3894 Cleero
294 3843 415 3894 suadebat.
449 3840 766 3907 Pompeiussnsmdignita·
796 3843 890 3902 Item,c
908 3843 1283 3917 meidixissetPompeiasinsai
1293 3861 1354 3895 maso

198 3916 249 3960 tem
266 3910 396 3973 spectabat,
416 3923 485 4021 Ἕω
498 3907 567 3953 ermis
582 3910 640 3955 tueri
660 3911 765 3966 volebat,
797 3925 848 3958 esse
859 3909 989 3970 victoriam,
1006 3915 1137 3978 respondit,
1153 3914 1176 3964 st
1192 3915 1233 3963 riti
1314 3915 1352 3958 iun

195 3977 298 4025 veleum
310 3973 412 4040 periculo
463 3971 528 4038 ipub.
547 3969 632 4020 Cicero
642 3971 765 4022 incolumi·
795 3983 908 4025 mcum
923 3979 1059 4029 mulieribus.
1092 3980 1126 4029 Et
1142 3979 1206 4037 erim,
1228 3989 1279 4044 post
1319 3990 1352 4022 tr·

196 4046 268 4088 tatem
280 4049 305 4089 et
316 4040 464 4104 dignitatern,
473 4036 522 4086 sini
535 4035 647 4098 periculo.
795 4039 892 4090 salicam
902 4059 934 4108 pu
967 4042 1234 4112 am,Nonniusquidsm
1243 4042 1353 4095 molitam·

229 4110 268 4154 29.
287 4104 410 4169 Paphum]
443 4102 501 4151 Post
522 4101 679 4177 Pharsalicam
701 4118 762 4167 pug·
794 4106 873 4156 adhuc
884 4060 973 4172 aquilis
987 4117 1078 4172 septem
1088 4110 1154 4176 (quse
1172 4121 1229 4159 sunt
1245 4108 1354 4157 naamo-

194 4170 406 4244 nsm‚·Pompeius
426 4167 536 4232 Paphum
556 4168 624 4244 iuqrt,
645 4167 760 4234 oppidum
793 4171 922 4237 rumsigna
943 4189 1074 4251 superesse,
1091 4176 1194 4225 etobid
1211 4177 1272 4224 bono
1282 4179 1353 4222 essem

194 4229 280 4292 Cypn,
308 4233 615 4298 uodAgspenoreondidrt
794 4235 892 4294 enims,
960 4247 989 4296 te,
1005 4237 1091 4305 inquit,
1106 4242 1218 4299 meana,
1233 4235 1353 4289 asamar
1395 4283 1400 4290 .

224 4295 266 4342 33.
285 4250 314 4343 h
331 4298 451 4363 satorem]
485 4298 620 4362 Sectorest
634 4296 760 4347 estimator
789 4301 894 4364 patulos
900 4317 1057 4368 pugnamus.

190 4358 373 4425 redemptorque
391 4363 613 4414 bonorumdsmnati
622 4372 693 4430 etque
705 4380 759 4428 pro·
