2959 4959
107 304 151 362 40
500 291 596 359 PRO
609 288 990 378 ‚tacunarum

108 428 151 503 20
163 416 236 483 dam
246 417 422 505 profugisse
433 418 562 496 dicitur:
574 439 668 504 quam
678 416 864 502 praedicant,
872 419 903 482 in
914 417 1000 520 lugi,
1009 417 1112 483 fratris
1123 418 1330 486 suimembra’

163 506 196 569 in
209 505 247 569 iis
265 503 341 568 locis
356 503 444 591 ‘qua
455 528 488 569 se
497 525 611 589 parens
622 517 873 591 persequeretur,
883 504 1091 590 dissiparisse,
1102 520 1252 570 uteorum
1262 504 1330 570 col·

162 589 258 655 lectio
272 590 423 676 dispersa,
451 611 631 675 moerorque
639 592 767 689 patrius
780 589 971 655 celeritatem
997 591 1206 678 persequendi
1229 604 1330 656 retar-

163 676 273 753 daret3
296 678 341 741 sic
353 674 566 752 Mithridates,
582 675 715 762 fugiens,
731 678 903 742 maximam
918 676 981 739 vim
998 677 1066 740 auri
1082 692 1177 764 atque
1195 677 1329 765 argenti,

163 762 510 848 pulcherrimarumque
524 783 629 826 rerum
645 764 789 826 otunium
813 785 890 849 quas
915 760 936 824 a
960 762 1131 846 majoribus
1155 774 1331 849 acceperat,

105 853 150 912 25
164 860 195 915 et
210 850 276 934 ipse
288 848 370 914 bello
384 847 545 931 superiore
560 870 599 911 ex
615 845 682 911 toth
696 846 776 911 Asila
791 846 931 933 direptas
945 847 978 911 iu
994 870 1084 911 auum
1100 870 1235 948 regnum
1255 871 1334 914 con·

161 948 311 1024 gesserat,
341 934 374 996 in
401 931 507 997 Ponto
531 955 658 998 omnem
683 934 828 1020 reliquit3
858 934 927 998 haec
950 932 1028 997 dum
1052 949 1153 997 nostri
1178 933 1337 1022 colligunt

160 1022 271 1087 omnia
285 1018 476 1103 diligentius,
500 1040 556 1083 rex
572 1020 638 1105 ipse
656 1016 675 1082 ὲ
694 1019 841 1085 manibus
863 1017 994 1105 effugit3
1019 1019 1063 1083 ita
1088 1019 1179 1083 illum
1204 1021 1236 1082 in
1260 1043 1336 1107 per·-

160 1104 313 1191 sequendi
328 1102 433 1167 studio
448 1125 576 1182 moeror,
590 1104 648 1169 hos
663 1105 783 1182 laetitia,
800 1105 982 1170 retardarit.
1026 1105 1127 1170 Hunc
1153 1106 1185 1168 in
1211 1104 1267 1170 illo
1284 1106 1336 1172 ti-

162 1213 252 1255 more
266 1206 298 1255 et
311 1188 388 1275 fuga
403 1189 560 1277 Tigranes
574 1211 631 1255 rex
647 1192 819 1256 Armenius
837 1192 978 1276 excepit3
1001 1190 1259 1277 diffidentemque
1282 1215 1335 1256 re-

107 1285 150 1343 to
162 1276 222 1342 bus
238 1275 300 1340 suis
314 1275 524 1353 confirmavit,
547 1275 698 1343 afflictum
714 1277 826 1355 erexit,
849 1278 1072 1363 perditumque
1086 1278 1255 1353 recreavit3
1278 1300 1336 1344 cu-

157 1363 209 1448 jus
225 1362 257 1426 in
273 1383 404 1449 regnum
420 1359 624 1448 posteaquitm
641 1363 680 1427 L.
697 1362 852 1428 Lucullus
868 1384 940 1427 cum
955 1363 1208 1440 exercitunenit,
1224 1362 1334 1448 plures

161 1451 255 1513 etiam
270 1463 382 1535 gentes
396 1460 507 1518 contre
522 1448 743 1533 imperatorem
763 1461 905 1514 nostrum
931 1449 1099 1513 concitatae
1123 1461 1207 1511 sunt.
1252 1447 1334 1514 Erat

161 1536 246 1600 enirn
262 1548 363 1598 metus
385 1533 518 1617 injectus
541 1532 579 1597 iis
601 1533 793 1612 nationibus,
817 1557 894 1621 quas
916 1556 982 1598 nun
1007 1557 1079 1600 uam
1102 1533 1239 1619 populus
1264 1534 1334 1597 Ro-
1413 1549 1419 1556 '

161 1641 275 1685 manus
294 1642 397 1706 neque
418 1619 614 1683 lacessendas
636 1619 720 1699 bello
743 1642 846 1707 neque
871 1558 1038 1684 tentunilas
1063 1620 1196 1706 putarit.
1252 1619 1334 1685 Erat

69 1749 75 1759 ·
104 1706 255 1776 §setiam
271 1704 333 1769 alia
346 1704 451 1792 gravis
471 1719 565 1792 atque
590 1704 760 1770 vehemens
784 1706 904 1791 opinio,
928 1729 1000 1793 quae
1025 1730 1083 1793 per
1108 1706 1231 1771 animos
1253 1728 1335 1793 gen·

160 1793 241 1858 tium
255 1789 464 1856 barbararum
476 1805 667 1876 pervaserat,
681 1791 746 1857 lani
758 1791 995 1877 locupletissimi
1006 1809 1039 1859 et
1051 1793 1106 1858 reli
1132 1793 1274 1857 iosissimi
1283 1791 1335 1855 di·

161 1877 298 1964 ripiendi
312 1875 408 1942 causi
422 1878 455 1940 in
471 1900 524 1941 eas
538 1900 610 1943 oras
624 1892 768 1942 nostrum
784 1880 955 1944 exercitum
972 1902 1039 1943 esse
1053 1879 1093 1944 ad
1118 1895 1237 1944 uctum.
1282 1877 1354 1942 ltav

162 1967 308 2029 nationes
336 1962 445 2027 multoe
475 1975 570 2050 atque
599 1986 723 2051 mngnae
753 1986 838 2027 novo
866 1965 1005 2049 quodam
1036 1976 1157 2027 terrore
1185 1987 1223 2028 ac
1247 1977 1336 2028 metu

161 2051 415 2115 concitabuntur.
459 2046 575 2113 Noster
585 2064 690 2113 autem
705 2049 873 2122 exercitus,
898 2049 955 2111 etsi
980 2048 1090 2110 urbem
1117 2070 1158 2110 ex
1182 2049 1336 2132 Tigranis

93 2144 150 2203 ,50
163 2159 262 2223 regno
276 2150 412 2219 ceperat,
435 2146 467 2197 et
492 2133 614 2217 proeliis
631 2157 703 2197 usus
717 2147 785 2197 erat
799 2130 954 2208 secundis,
970 2144 1076 2194 tamen
1093 2130 1192 2194 nimiis
1205 2132 1335 2232 longin-

162 2224 281 2308 quitate
295 2220 448 2294 locorum,
464 2239 501 2281 ac
515 2218 672 2281 desiderio
695 2239 836 2294 suorum,
863 2215 1132 2281 commovebatur.
1179 2215 1245 2281 Hic
1262 2239 1334 2302 Jam

161 2303 460 2400 pluranondicam.
506 2302 581 2365 Fuit
604 2304 689 2368 enim
715 2302 793 2367 illud
814 2307 1001 2377 extremum,
1025 2317 1060 2365 ut
1085 2324 1126 2366 ex
1150 2302 1187 2366 iis
1211 2302 1288 2367 locis
1314 2304 1336 2367 a

162 2390 314 2455 militibus
329 2388 445 2451 nostris
470 2386 588 2452 reditus
608 2388 708 2475 magis
731 2402 874 2452 maturus
899 2409 994 2473 quam
1017 2409 1182 2473 processus
1206 2388 1335 2475 longior

164 2488 369 2562 quaereretur.
424 2472 630 2539 Mithridates
658 2486 764 2538 autem
794 2485 826 2538 et
854 2497 943 2537 suam
970 2495 1100 2537 manum
1121 2474 1189 2560 jam
1215 2474 1335 2540 confir·

108 2573 150 2630 55
165 2560 277 2640 mittat,
301 2576 463 2627 eteorum
485 2558 540 2645 qui
562 2582 595 2624 se
616 2582 657 2624 ex
678 2562 745 2646 ejus
766 2581 866 2648 regno
897 2558 1120 2647 ‘collegerant
1153 2572 1185 2625 et
1208 2562 1334 2650 magnis

377 2805 608 2893 ‘per'quae'locn
852 2810 1118 2891 'congregaverant

197 3057 237 3104 ³3.
254 3054 290 3102 Sic
310 3055 472 3120 Metu-nares]
506 3054 652 3113 Similitudo;
669 3070 733 3111 nam,
765 3054 839 3104 millis
860 3052 970 3102 Lucullus
992 3055 1093 3117 reperit;
1117 3055 1147 3103 ad
1169 3057 1230 3104 hauc
1251 3056 1335 3104 urbem

165 3120 227 3168 sieut
241 3120 331 3169 Medea
346 3129 444 3185 petrem,
464 3122 497 3169 sic
516 3119 666 3168 Mithridates
686 3118 733 3166 Lu·
765 3118 911 3166 Mithridatis
933 3127 958 3166 et
973 3119 1080 3182 Tigranis
1097 3121 1186 3183 copias,
1204 3121 1228 3169 in
1247 3121 1335 3185 quibus

166 3184 252 3234 collum
264 3185 397 3242 retardarit,
408 3188 465 3234 dum
476 3188 595 3233 thesauros
607 3185 658 3247 ejus
668 3198 733 3232 exet·
764 3192 831 3230 erant
848 3185 949 3231 ducenta
967 3185 1138 3248 quinquaginta
1167 3187 1284 3248 peditum,
1310 3193 1336 3234 et

165 3250 222 3298 citui
233 3252 377 3314 diripiendos
387 3251 475 3314 objecit
484 3259 538 3312 post
545 3249 637 3296 cladem
645 3250 674 3296 ad
684 3248 734 3313 ey·
765 3249 1046 3313 equitumquinqungintn
1055 3250 1136 3305 millia,
1144 3250 1335 3313 Luculluspsrro

166 3316 257 3370 sicnot,r
282 3317 321 3363 uhi
340 3325 405 3362 tanta
427 3316 545 3362 hominum
572 3328 730 3377 pecorumque
764 3329 857 3361 suorum
868 3329 965 3361 numero
976 3314 1103 3377 superavit.
1137 3315 1195 3361 Post
1209 3316 1268 3362 hssc
1284 3315 1335 3362 cls·

167 3386 254 3441 strages
272 3380 335 3427 lacta
351 3387 397 3436 est,
414 3388 439 3426 ut
459 3379 574 3429 Granicus
594 3385 619 3426 et
636 3378 731 3441 Asopus
762 3378 827 3434 dem,
845 3379 892 3426 duo
903 3378 936 3425 illi
947 3394 1014 3441 reges
1025 3378 1096 3425 elium
1118 3380 1228 3441 parirunt
1244 3380 1335 3429 exerci-

167 3457 246 3490 amnes
259 3444 348 3491 cruenti
359 3444 474 3507 sanguine
486 3444 602 3491 iltrrerint.
764 3451 821 3500 tunt,
839 3444 922 3508 inquo
933 3444 1082 3507 septuaginta
1095 3444 1199 3506 pediturn
1212 3444 1292 3499 millis,
1308 3452 1333 3492 et

178 3509 239 3554 '46.
251 3505 309 3554 Fani
329 3508 509 3572 locupletissimi]
534 3507 623 3555 Fanum
645 3507 732 3556 Cuma·
764 3509 869 3571 equitnm
898 3507 990 3571 triginta
1012 3508 1115 3573 quinque
1136 3503 1333 3556 numerabantur:

166 3585 223 3618 num
240 3571 364 3635 significat,
380 3575 469 3636 quadri
484 3572 587 3621 Murenl
605 3572 731 3634 spoliatum
764 3573 826 3621 hunc
848 3569 932 3621 iterim
948 3573 1056 3620 Lucullus
1077 3574 1215 3637 profligavit.
1251 3572 1331 3628 Quare

167 3644 211 3690 est,
228 3638 342 3684 suadente
353 3639 457 3700 quodem
467 3638 593 3693 Archelao,
605 3638 646 3702 qui
657 3638 672 3685 is
683 3637 733 3685 Mi·
763 3636 876 3700 Tigranes
885 3637 909 3683 in
927 3636 1063 3685 Armeniam
1079 3638 1219 3694 interiorem,
1236 3636 1332 3684 Mithri·

166 3700 268 3748 thrirlate
289 3701 417 3758 defecerat,
442 3705 472 3751 de
494 3718 541 3767 quo
562 3702 688 3766 Appianus
707 3702 732 3751 in
764 3704 832 3750 dates
842 3704 866 3749 in
877 3701 986 3756 Pontum,
996 3702 1065 3765 sugit.
1311 3721 1317 3730 ·

166 3765 275 3813 Mithrid.
309 3765 374 3823 Quid
392 3767 530 3825 sirtarim,
549 3768 638 3816 dietim
654 3777 691 3817 est
707 3769 731 3816 tn
795 3765 1333 3830 50.1nngtnqatren.]oecutnrhtc1ncutlt

166 3829 224 3879 Dir.
236 3847 285 3896 pst.
297 3835 321 3878 4.
333 3831 349 3879 1.
359 3835 383 3882 6.
762 3833 939 3894 turpitudinem,
961 3832 1001 3896 qni
1021 3833 1111 3880 hostem
1130 3831 1259 3897 lugientem
1279 3831 1333 3881 reli-

198 3899 238 3946 49.
258 3894 357 3960 Uritur]
400 3895 589 3973 Tigranocertam
611 3895 730 3962 iutelligit,
763 3898 832 3959 quit;
851 3904 876 3944 et
885 3897 972 3944 tactum
982 3896 1034 3959 ejus
1053 3905 1148 3944 excusat
1159 3896 1353 3962 longinquitate·

166 3975 237 4024 quarn
248 3961 360 4027 Tigranes
371 3962 486 4015 condidit.
497 3970 521 4009 et
532 3979 574 4010 suo
584 3961 679 4010 nomine
690 3977 732 4024 sp-
763 3960 876 4019 locorum,
887 3960 1134 4025 autpotiirsserlitione
1142 3963 1249 4010 militurn.
1267 3961 1331 4010 Nan

166 4026 271 4087 pellavit.
284 4035 288 4042 '
303 4026 361 4091 Ejus
372 4042 449 4075 muros
460 4027 629 4091 quinquaginta
647 4027 732 4075 cubitis
764 4025 898 4075 Valeriana
924 4025 1029 4090 legiones
1048 4026 1207 4075 detrectarunt
1225 4028 1332 4090 imperia,

166 4088 225 4139 altos
236 4092 299 4149 ierit,
310 4093 333 4140 in
342 4107 412 4156 qrrsru
421 4093 492 4139 totins
502 4092 538 4140 sui
549 4092 614 4155 regni
624 4091 732 4140 ditissimi
763 4090 827 4156 quod
838 4107 880 4139 sun
886 4090 1004 4154 stipendii
1012 4091 1180 4154 implevissent.
1193 4092 1330 4140 Plutarchus

165 4154 262 4219 quique.
280 4166 306 4205 ut
325 4158 373 4222 regi
392 4157 583 4220 gratificantem,
601 4171 655 4204 suos
680 4157 732 4203 tlte·
763 4157 798 4203 sit
819 4154 911 4205 Loculti
932 4155 1042 4218 superbit
1063 4165 1088 4204 et
1106 4156 1204 4204 asstitit
1229 4149 1331 4204 eremos

165 4233 244 4267 sauros
253 4222 443 4285 deportaverunt.
477 4220 506 4269 In
518 4220 571 4277 hle,
587 4221 665 4284 inquit
675 4220 730 4268 Plu·
762 4220 835 4271 t'nisse
847 4220 940 4273 milites,
957 4220 997 4283 qui
1013 4220 1044 4267 sd
1062 4220 1221 4271 delectionem
1238 4223 1251 4269 ri
1269 4218 1333 4274 Pub.

164 4286 263 4342 lanchua,
275 4298 359 4349 proter
367 4288 523 4353 multasoprs‚
529 4284 670 4334 talentorum
676 4294 730 4335 octo
763 4284 850 4335 Clodio
861 4282 977 4335 sollicitati
988 4292 1049 4335 suut.
