2959 4959
83 323 117 392 ri
440 321 489 390 Μ.
512 321 680 392 TULLII
703 320 961 390 CICERONIS

84 448 261 537 imperavit.
303 448 385 516 Cdm
400 464 506 517 autem
520 451 667 539 princeps
678 450 862 517 Academiae
875 450 969 517 Philo
979 472 1051 516 cum
1062 449 1306 518 Atheniensium

83 534 301 636 optimatibus,
302 547 442 687 ,lirim
450 535 983 638 bellumdditbddaticum3Romum
993 536 1267 689 profugissetmum
1275 538 1307 603 ei

84 622 302 689 seCroerotra
325 621 393 702 tdrt,
404 619 582 688 admirabili
590 619 1025 710 quodamadpbrlosophram
1034 635 1085 689 stu
1108 646 1141 689 ιο
1149 635 1307 691 incitatus.

352 792 512 861 ANNUS
534 792 677 860 URBIS
701 791 929 861 CONDITAE
955 805 1029 863 666.

78 928 175 992 Coss.
186 927 239 988 Cn.
246 914 371 1001 Octavio,
382 929 420 987 L.
431 927 562 989 Comelio
574 930 676 999 Cinnd,
684 940 751 991 unte
764 928 907 991 Christum
916 934 964 992 86.
987 929 1129 992 Ciceronis
1136 930 1295 1011 vigennium

124 1029 209 1096 cum
226 1031 330 1097 Cinna
344 1030 535 1117 perniciosos
549 1032 632 1120 leges
646 1056 704 1120 per
717 1033 782 1098 rim
808 1033 915 1112 ferret,
939 1033 1018 1099 urbe
1040 1033 1058 1097 i
1080 1034 1141 1100 Cn.
1168 1033 1305 1100 Octavio

80 1114 204 1205 collegi
215 1114 334 1201 pulsus,
350 1118 674 1203 corrupitexercitum
689 1120 741 1205 Ap
767 1120 787 1183 ii
799 1118 938 1198 Claudii,
949 1142 1042 1206 quem
1054 1120 1086 1183 in
1099 1142 1187 1184 suam
1199 1132 1305 1205 potes·

80 1213 177 1267 tatem
187 1201 317 1287 redegit.
348 1201 466 1268 Redux
477 1204 582 1269 statim
594 1226 635 1270 ex
647 1204 759 1269 Africa
769 1205 797 1269 ei
812 1205 936 1270 Marius
952 1228 985 1269 se
997 1204 1143 1292 adjunxit
1157 1228 1230 1270 cum
1245 1226 1305 1269 sex

81 1285 315 1353 Hetruscorum
328 1285 480 1368 millibus3
504 1301 600 1376 utque
618 1290 663 1354 ita
681 1291 742 1356 isto
761 1292 888 1390 agmine
902 1291 1013 1356 urbem
1027 1290 1183 1370 obsident,
1207 1309 1239 1355 et
1252 1292 1304 1355 in·

78 1371 216 1450 radunt3
238 1395 332 1460 quam
347 1387 472 1459 captam
485 1376 625 1441 caedibus
639 1388 671 1441 et
685 1376 804 1461 rapinis
818 1373 988 1442 vastavdre.
1019 1375 1170 1441 Octavius
1181 1374 1304 1442 Consul

78 1456 184 1545 eapite
197 1469 373 1524 moneatur.
400 1459 543 1538 Catulus,
562 1459 611 1525 M.
628 1462 797 1539 Antonius,
816 1461 854 1526 C.
867 1461 982 1539 Julius,
998 1477 1138 1527 oratores
1150 1475 1304 1549 prestan-

71 1542 200 1622 tissimi,
216 1543 465 1626 interficiuntur:
491 1544 541 1610 Μ.
553 1548 688 1612 Antonii
702 1561 799 1633 caput
813 1548 846 1611 in
862 1547 936 1632 ipsis
948 1548 1072 1613 Rostris
1086 1549 1267 1635 exponitur,
1283 1543 1306 1610 i

101 1651 144 1694 uo
159 1642 251 1694 eraut
271 1629 443 1696 multorum
466 1631 580 1697 civium
603 1655 643 1697 oa
667 1633 710 1697 its
734 1646 930 1708 conservata.
977 1631 1163 1699 Hoc'snno
1187 1632 1303 1699 Cicero

71 1719 77 1778 ζ
120 1713 205 1780 oloni
222 1714 352 1780 Rhodio
368 1715 483 1781 Romae
495 1739 624 1804 operam
638 1655 736 1797 dedit,
762 1732 794 1783 et
807 1719 907 1785 actori
921 1741 1047 1788 summo
1065 1740 1242 1796 causarum,
1269 1731 1301 1784 et

76 1800 241 1887 magistro,
264 1801 358 1867 nteit
372 1802 406 1866 in
423 1800 535 1868 Bruto.
567 1802 650 1868 Cdm
665 1803 719 1869 ille
731 1804 851 1870 rideret
862 1805 1052 1871 Ciceronem
1062 1819 1172 1871 natum
1183 1803 1224 1869 sd
1235 1802 1301 1868 elo·

120 1887 248 1964 entiam,
270 1887 387 1962 mirum
402 1900 450 1953 est
486 1887 615 1968 uantdm
630 1890 679 1954 sir
694 1889 799 1955 tantus
814 1891 880 1975 ojus
902 1891 1007 1957 studia
1031 1893 1161 1956 acuerit.
1206 1888 1301 1954 Circa

101 1993 140 2039 oc
154 1986 277 2059 tempus
290 1972 405 2039 Cicero
416 1911 598 2039 uddlesoens
611 1975 854 2039 commentarios
868 1974 1043 2039 rhetoricos
1056 1975 1098 2039 de
1111 1975 1302 2040 Inventione

75 2057 242 2126 inchoatos
256 2070 288 2125 et
302 2059 396 2124 rudes
410 2057 518 2137 edidit,
534 2070 570 2123 ut
582 2060 651 2143 ipse
664 2059 757 2121 initio
771 2057 843 2122 libri
862 2066 889 2122 1.
904 2058 945 2122 de
960 2059 1052 2123 Orat.
1067 2059 1234 2144 significat.

241 2199 253 2312 ζ
348 2226 510 2294 nunus
533 2225 678 2294 unsis
700 2225 931 2294 connum
952 2235 1026 2297 aar.

208 2362 287 2422 Coss.
300 2361 334 2421 C.
348 2360 449 2424 Mario
470 2362 540 2423 VII.
574 2362 611 2421 L.
628 2360 758 2422 Cornelio
773 2362 875 2436 Cinaei,
888 2372 954 2422 onte
967 2361 1110 2423 Christum
1122 2368 1171 2426 85.

479 2440 621 2501 Ciceronis
633 2439 779 2523 vigesimus
786 2441 905 2522 primur.

119 2544 235 2612 Romae
251 2544 356 2610 Cinna
370 2557 402 2610 et
417 2543 543 2611 Marius
557 2542 625 2610 sind
640 2546 776 2610 comitiis
790 2547 987 2634 semetipsos
1003 2547 1036 2612 in
1046 2559 1228 2648 sequentem
1240 2571 1298 2614 an·

75 2653 155 2698 aum
172 2630 327 2698 Consules
341 2629 560 2720 designirunt.
605 2630 741 2710 Marius,
766 2646 840 2716 post
854 2633 953 2699 multa
975 2633 1147 2699 crudenter
1168 2647 1239 2700 scta
1262 2635 1299 2700 in

75 2718 212 2795 civitate,
227 2717 351 2784 decimo
365 2731 455 2782 sexto
469 2717 517 2782 sui
534 2716 723 2782 Consulatds
738 2716 790 2782 die
806 2732 949 2784 mortuus
971 2734 1031 2784 est.
1077 2720 1182 2786 Cinna
1202 2720 1298 2786 Vale·

62 2804 159 2868 aium
173 2803 233 2867 sibi
247 2802 400 2890 collegam
415 2803 586 2881 substituit,
607 2825 701 2890 quem
717 2803 802 2868 misit
816 2804 848 2868 in
863 2806 982 2882 Asiam,
999 2818 1034 2870 ut
1047 2807 1141 2889 proS
1163 2804 1219 2884 lm,
1227 2808 1297 2893 jam

60 2888 167 2953 ‘hoste
174 2887 343 2966 declarato,
354 2888 525 2974 provincias
535 2902 693 2974 praeesset,
706 2911 743 2953 sc
759 2888 876 2955 bellum
892 2904 1004 2955 contra
1012 2889 1126 2955 Mithri
1170 2906 1297 2979 temge

73 2985 166 3039 reret
212 2972 330 3068 Verdm
345 2976 373 3039 ei
388 2973 495 3039 clausa
509 2986 556 3039 est
572 2974 658 3053 Asia,
681 2971 753 3039 eta
777 2973 907 3040 Fimbra
928 2997 986 3040 suo
1007 2975 1122 3062 legato,
1148 2998 1234 3041 anno
1248 2997 1298 3042 se·

68 3070 202 3147 querite,
222 3059 473 3150 interfectorem.
889 3077 893 3084 ·

340 3222 502 3290 nunus
524 3222 668 3291 naurs
690 3222 921 3291 counrrm
947 3235 1022 3293 aaa.
1074 3177 1082 3182 ’
1163 3226 1165 3230 ’

159 3360 240 3423 Coss.
250 3360 288 3420 L.
305 3358 434 3420 Cornelio
451 3359 553 3431 Cinaei,
569 3360 623 3419 Cn.
636 3359 758 3441 Papirio
775 3358 912 3430 Carbone,
925 3368 991 3418 onte
1004 3355 1147 3419 Christum
1159 3361 1208 3418 84.
1238 3423 1242 3432 Δ
1374 3420 1376 3423 ,

457 3438 599 3499 Ciceronis
609 3439 759 3517 vigesimus
770 3438 915 3498 secundus.

111 3540 200 3608 Cum
217 3541 322 3607 Cinna
339 3539 451 3607 Romae
469 3563 627 3606 summum
648 3541 779 3606 haberet
800 3540 979 3626 imperium,
997 3551 1031 3603 se
1053 3537 1179 3604 tertidm
1206 3539 1294 3603 Con·

58 3626 170 3693 sulem
186 3626 312 3705 creavit,
325 3639 486 3713 assumpto
497 3627 557 3691 sibi
572 3625 696 3715 collegii
708 3626 867 3703 Carbone,
878 3647 940 3711 pro
952 3624 1092 3702 Valerio,
1107 3625 1162 3712 qni
1173 3625 1295 3690 occisus

71 3726 128 3780 est.
153 3712 293 3779 Fimbria
308 3710 524 3777 crudelissimi
533 3713 635 3777 saeviit
648 3714 681 3777 in
692 3711 770 3778 Asin
780 3726 891 3776 contro
902 3711 1040 3787 Ilienses,
1053 3712 1107 3798 qui
1118 3710 1159 3775 ad
1173 3709 1294 3797 Syllam
1386 3741 1388 3747 ·

70 3797 293 3887 confugerant:
309 3820 382 3863 nam
394 3820 504 3863 eorum
514 3798 626 3863 urbem
637 3797 776 3863 caedibus
788 3796 930 3882 replevit.
962 3795 1059 3883 Sylla.
1074 3795 1295 3861 deficientibus

69 3884 164 3951 rebus
178 3884 326 3949 omnibus
340 3882 380 3949 ad
395 3877 523 3961 bellum,
546 3883 644 3950 hostis
657 3880 678 3946 d
691 3881 810 3969 populo
827 3881 976 3946 Romano
985 3881 1154 3967 judicatus,
1205 3899 1293 3970 acetn

69 3991 144 4035 cum
160 3967 351 4037 Mithridate
365 3968 468 4034 lacere
482 3983 609 4035 coactus
623 3983 683 4034 est:
706 3983 803 4056 atque
817 3969 861 4032 ita
881 3968 986 4054 primo
1009 3966 1095 4031 bello
1119 3903 1295 4032 Mitirids-

68 4054 135 4121 tico
146 4055 219 4121 finis
232 4055 408 4143 impositus,
431 4055 464 4119 in
480 4077 543 4163 uuo
558 4052 578 4117 d
595 4051 823 4141 syllacenum
846 4052 1170 4202 sexagintassostium
1193 4050 1294 4114 millia

68 4139 234 4207 interiecta
247 4155 331 4208 sunt.
358 4139 444 4207 Inita
458 4140 519 4206 hac
532 4162 621 4226 pace,
644 4138 732 4225 Sylla
746 4153 857 4205 contra
874 4139 1014 4204 Fimbria
1062 4137 1221 4224 proiectus
1234 4148 1291 4211 est,

67 4247 146 4402 3131
150 4225 317 4394 <dimum
329 4228 392 4294 suis
404 4226 567 4305 militibus,
579 4226 706 4291 sibimet
713 4225 868 4312 violentas
881 4247 992 4358 manus
1003 4226 1035 4289 in
1046 4222 1165 4309 templo
1177 4220 1296 4334 AEscm
