2959 4959
18 1399 25 1445 ,Ι
137 1352 224 1415 Cato.
269 1351 328 1416 Est
353 1351 434 1416 istuc
472 1351 587 1429 uidem,
613 1350 705 1429 Lali,
726 1352 769 1416 ali

514 367 603 439 Anu
624 367 920 438 staterum
1241 381 1309 447 ‘m

112 497 167 574 ¹-si
180 496 215 562 id
229 495 328 585 culpe
351 498 707 577 mneotutisasoideret,
728 493 838 564 eadem
860 498 940 563 mihi
962 519 1020 564 usu
1038 500 1219 579 evenirent'
1232 499 1307 567 reli·

133 584 275 670 quisque
295 584 444 650 omnibus
457 584 626 670 majoribus
640 597 738 660 natu3
760 604 896 671 quorum
999 583 1171 651 multorum
1185 605 1307 674 eogno-

135 669 172 732 vi
195 681 393 758 senentutem
417 666 485 734 siue
506 668 652 770 queml&
672 670 729 756 qui
749 691 783 733 se
807 683 840 734 et
863 669 919 734 lib'
945 670 1033 734 inum
1058 670 1191 735 vinculis
1205 672 1305 738 'taxas

130 763 191 820 tor
203 775 273 818 esse
287 776 355 820 uon
368 755 499 820 moleste
512 762 639 834 terrent,
662 773 722 820 nee
735 752 757 818 d
770 755 834 820 suis
852 753 1100 840 despioerentur.
1127 757 1303 822 Sedomni·

123 855 197 902 -um
222 839 402 905 istiusmodi
426 839 621 927 querelarum
636 841 672 904 in
691 840 834 906 moribus
856 853 905 906 est
928 840 1032 926 culpa,
1054 863 1120 906 non
1143 841 1176 905 in
1190 855 1302 908 {etates

129 922 298 988 moderati
316 926 411 1002 enim,
433 938 465 990 et
476 947 537 990 neo
558 926 702 991 difficiles
723 947 783 991 nec
797 924 965 990 inhumani
982 949 1082 1004 sena,
1105 925 1304 994 tolerabilem

127 1021 241 1096 agunt
268 1022 477 1075 senectutem:
521 1011 746 1096 importunitas
774 1024 881 1075 autem
907 1024 940 1077 et
967 1011 1182 1078 inhumanitas
1213 1013 1303 1078 omni

135 1107 234 1161 aetate
249 1094 378 1161 molesta
387 1108 443 1161 est.
465 1090 598 1159 Laelius.
621 1095 688 1173 Est,
700 1110 737 1160 ut
750 1091 839 1173 dicis,
857 1096 958 1160 Cato:
981 1098 1035 1162 sed
1045 1095 1175 1163 fortasse*
1184 1098 1304 1164 dixerit

18 1251 19 1266 χ
132 1178 304 1266 quispiam,
326 1180 395 1258 tibi,
418 1192 551 1267 propter
565 1202 644 1266 opes
658 1181 810 1266 etcopias
820 1194 853 1245 et
864 1180 1050 1267 dignitatern
1065 1196 1163 1261 tuam,
1187 1184 1304 1250 tolera»
1386 1194 1389 1200 '

18 1275 20 1286 “
135 1261 283 1330 biliorem
297 1279 491 1331 senectutem
506 1264 623 1343 videri3
646 1265 680 1330 id
691 1279 795 1332 autem
808 1288 872 1331 non
883 1288 976 1351 posse
989 1267 1096 1332 multis
1106 1270 1302 1357 contingere.

793 1350 865 1429 uid;
887 1351 942 1416 sed
965 1351 1166 1451 nequiquam
1192 1357 1224 1418 in
1237 1355 1303 1420 isto

125 1450 210 1501 sunt
224 1437 350 1501 omnis:
371 1448 408 1501 ut
477 1435 652 1502 emistocles
666 1374 931 1545 fertur‘lleriphio
945 1436 1072 1501 cuidam
1085 1439 1237 1527 injurgia
1251 1459 1302 1505 re-

143 1598 145 1602 γ
196 1521 309 1600 adisse,
325 1521 397 1588 edm
411 1521 465 1585 ille
479 1521 619 1600 dixisset,
647 1544 713 1588 non
728 1544 801 1588 eum
815 1545 870 1587 sua
885 1522 940 1588 sed
954 1524 1066 1608 patriar
1078 1522 1183 1620 glorii
1197 1524 1304 1610 spieu-

18 1679 20 1686 ‚
127 1543 249 1671 didam
275 1624 470 1684 assecutum
501 1604 575 1685 Nec,
602 1605 730 1686 hamis,
753 1609 786 1671 in
810 1607 867 1684 uit,
887 1607 914 1671 si
937 1629 994 1694 ego
1020 1607 1176 1706 Seriphius
1198 1631 1301 1698 essem,

18 1695 20 1716 ¹
127 1690 245 1756 ’audilis
254 1719 269 1772 ;
292 1714 345 1757 nec
359 1703 403 1768 tu,
423 1690 656 1760 siAtloeniensit
669 1714 794 1771 esseae
825 1714 878 1756 nu
891 1693 1157 1779 naquamfutssas.
1201 1695 1300 1772 Quod

122 1777 249 1843 eodem
264 1778 362 1843 modo
376 1777 417 1843 de
430 1791 590 1844 senectute
608 1791 713 1865 potest
736 1777 820 1842 dici:
843 1779 1044 1864 nequeenim
1060 1779 1093 1842 in
1108 1781 1230 1846 sammai
1251 1782 1303 1845 in·

129 1862 212 1950 apid
225 1863 302 1929 levis
317 1886 383 1928 esse
396 1879 540 1929 senectus
553 1877 667 1948 potest,
683 1885 724 1928 ne
738 1864 873 1949 sapienti
887 1863 1033 1949 quidem3
1056 1883 1116 1928 nec
1130 1865 1302 1949 insipienti,

131 1950 229 2015 etiarn
256 1950 290 2013 in
315 1947 440 2014 summi
464 1948 567 2034 capii,
596 1969 662 2013 noa
685 1951 802 2036 gravia.
859 1948 1033 2032 Aptissima
1057 1947 1191 2013 omnino
1216 1965 1302 2029 sunt,

71 2073 76 2080 -
126 2034 247 2120 Scipio
256 2049 288 2098 et
299 2033 390 2113 Laeli,
408 2053 503 2100 'arma
511 2035 690 2112 senectutis,
716 2047 801 2098 artes
814 2031 1118 2120 exercitationesque
1127 2033 1280 2099 virtutum
1287 2058 1298 2112 ;

129 2141 219 2206 qum,
235 2119 267 2182 in
282 2120 369 2184 omni
392 2119 606 2198 astate-cultae,
628 2118 701 2184 edm
723 2117 855 2185 multum
870 2117 989 2204 diuque
1002 2118 1128 2197 vixeris,
1151 2119 1304 2188 mirificos
1389 2197 1396 2206 κ

126 2204 419 2284 efferuntsructus3
434 2228 501 2271 non
512 2205 612 2271 solum
624 2207 699 2292 quia
712 2225 875 2291 nunquam
885 2203 1044 2282 deserunt,
1057 2226 1098 2268 ne
1113 2205 1146 2268 in
1158 2217 1306 2272 extremo

131 2291 262 2379 quidem
287 2304 430 2378 tempore
457 2293 559 2358 aetatis
589 2289 794 2379 (quamquim
823 2288 858 2353 id
887 2289 1060 2353 maximum
1089 2290 1160 2369 est),
1190 2288 1303 2355 verdm
1405 2311 1413 2322 ¹

42 2411 51 2428 ·
125 2377 229 2442 etiam
242 2378 318 2462 quin
331 2377 523 2441 conscientia
536 2375 619 2442 bene
632 2391 713 2442 actae
724 2376 807 2454 vitae,
816 2373 1053 2461 multorumque
1064 2375 1303 2442 benefactorum

132 2461 325 2537 recordatio,
343 2460 571 2545 jucundissima
584 2473 641 2525 est.

180 2543 241 2609 IV.
263 2540 337 2630 Ego
353 2543 397 2619 Q.
412 2542 594 2608 Maximum
612 2548 697 2626 (eum
711 2544 767 2629 qui
782 2544 960 2611 Tarentum
975 2545 1108 2630 recepit)
1118 2546 1304 2613 adolescens
1349 2551 1357 2564 ⁴

134 2632 181 2696 ita
194 2628 294 2693 dilexi
309 2649 425 2705 mrtem,
441 2639 477 2692 ut
490 2628 662 2714 aequalem:
685 2642 753 2693 erat
766 2629 851 2693 enim
864 2633 898 2694 in
913 2631 969 2695 illo
984 2632 1057 2702 niro¹
1063 2631 1210 2702 comitate
1224 2655 1304 2696 oon·

59 2785 63 2792 ,
130 2716 204 2781 dita
216 2714 373 2800 gravitas3
396 2735 456 2777 nec
470 2726 613 2778 settectus
623 2735 726 2777 mores
740 2726 935 2792 mutaverat3
957 2713 1150 2802 quamquam
1164 2738 1236 2781 eum
1246 2737 1304 2779 co-

128 2801 201 2865 iere
222 2800 306 2884 coepi
330 2820 397 2863 nou
419 2797 591 2863 admoddm
611 2797 765 2905 grandem
789 2813 877 2878 natu,
907 2800 962 2866 sed
988 2813 1094 2864 tamen
1114 2801 1182 2885 jam
1206 2812 1304 2866 aetate
1337 2861 1339 2866 s

132 2897 341 2973 provectum:
375 2906 461 2949 anno
486 2883 570 2948 enim
596 2895 669 2969 post
691 2883 801 2949 consul
847 2884 962 2950 rimiun
985 2885 1096 2961 iuerat,
1120 2883 1218 2971 quim,
1240 2907 1303 2973 ego

96 3005 100 3012 Δ
130 2985 225 3036 natus
239 2992 328 3045 sum3
351 2992 487 3056 cumque
501 2992 540 3035 eo
553 2963 704 3057 quartdm
718 2907 848 3034 oonsuld
862 2969 1113 3035 adolescentulus
1127 2971 1215 3035 miles
1225 2992 1304 3057 pro·

67 3113 71 3116 Α
131 3056 231 3122 iectus
252 3078 322 3120 sum
337 3055 378 3119 ad
395 3055 550 3140 Capuam,
572 3055 746 3155 quintoque
768 3077 854 3119 anno
869 3053 942 3141 pust
964 3055 1005 3119 ad
1020 3055 1198 3122 Tarentum
1213 3078 1304 3142 quae·

129 3153 218 3211 ator:
241 3140 357 3206 deiude
370 3139 494 3220 oedilis3
517 3140 726 3227 quadriennio
746 3138 820 3225 prist
840 3140 940 3205 sactus
962 3162 1029 3205 sum
1044 3153 1182 3225 praetor:
1204 3162 1302 3240 quem
1411 3179 1414 3182 -

131 3227 350 3314 magistratum
365 3227 457 3314 gessi,
479 3225 659 3292 consulibus
672 3223 835 3290 Tuditano
857 3239 889 3289 et
905 3225 1058 3312 Cethego,
1084 3223 1156 3289 edm
1171 3223 1302 3311 quidem

131 3309 204 3387 ille,
220 3310 391 3378 admodum
405 3334 515 3391 senex,
538 3327 647 3377 suasor
666 3309 745 3397 legis
761 3310 883 3375 Cinciae
905 3309 945 3373 de
959 3310 1052 3374 donis
1070 3323 1103 3374 et
1117 3309 1302 3374 muneribus

132 3392 205 3466 fuit.
220 3431 224 3438 ·
249 3395 318 3460 Hic
331 3410 363 3459 et
383 3396 465 3461 bella
478 3398 617 3483 gerebat,
642 3409 678 3461 ut
690 3394 882 3470 adolescens,
909 3394 980 3459 edm
999 3394 1094 3481 plane
1107 3394 1237 3482 grandis
1251 3418 1302 3461 es·

130 3493 196 3558 set3
218 3494 251 3546 et
265 3479 493 3557 Hannibalem,
497 3482 686 3629 {uveniliter
699 3479 921 3556 exsultantem,
936 3477 1090 3565 patientii
1105 3478 1164 3545 sui
1178 3481 1303 3561 mollia<

51 3617 55 3626 „
130 3566 205 3634 hut:
228 3566 350 3651 dequo
364 3565 497 3650 praeclar
530 3566 692 3632 familiaris
701 3578 810 3628 noster
824 3564 965 3629 Enniust

338 3673 432 3743 Unus,
440 3674 490 3753 qui
501 3674 578 3733 nadis
589 3674 747 3734 mactando
759 3674 879 3742 restituit
891 3695 972 3734 rem:
1098 3718 1102 3722 -

288 3781 291 3786 ·
330 3751 399 3811 Non
409 3751 529 3830 ponebat
540 3753 613 3811 enim
626 3771 754 3811 rumores
763 3760 829 3811 onte
842 3751 969 3813 sulutem.

329 3831 411 3910 Ergo
423 3830 566 3909 magisque
577 3830 720 3911 ungimus
730 3830 788 3890 uiri
799 3851 873 3890 auat
882 3830 977 3910 gloria
989 3830 1085 3891 clara.
1109 3891 1111 3894 ,

134 3930 312 3998 Tarentum
323 3932 400 3999 verd
410 3930 473 4020 qui
483 3931 657 4018 vigilantii,
672 3953 737 4020 quo
751 3933 894 4009 consilio,
909 3933 1045 4021 recepitl
1070 3931 1143 3995 sirm
1158 3925 1300 4016 quidem,

129 4037 185 4082 me
210 4018 366 4097 audiente,
405 4017 576 4086 Salinatori
609 4019 688 4104 (qui,
724 4020 842 4085 amisso
869 4016 1015 4105 oppido,
1035 4017 1068 4080 fu
1091 4026 1158 4078 erat
1186 4013 1220 4075 in
1248 4031 1303 4075 ar·

129 4102 217 4184 cern)
242 4103 403 4191 glorianti,
418 4117 515 4191 atque
536 4102 580 4167 ita
594 4100 721 4183 dicenti,
745 4106 825 4170 Met
843 4100 943 4188 operti,
971 4103 1010 4187 Q.
1031 4037 1119 4177 Falli,
1134 4098 1302 4163 Tarentum

133 4187 269 4274 reoepisti
279 4216 294 4268 ,-
320 4189 418 4266 Cerle,
443 4190 476 4254 in
522 4189 549 4254 it
572 4186 696 4254 ridens:
717 4211 800 4268 num,
826 4188 885 4252 nisi
909 4197 945 4250 ts
966 4202 1123 4261 ummsses,
1145 4194 1303 4268 nunqrrant

131 4273 312 4356 recepissem
358 4273 427 4338 Neo
440 4295 495 4338 ver
542 4275 575 4338 in
598 4272 695 4339 armii
707 4275 919 4361 praestantior,
945 4268 1044 4356 quim
1067 4269 1100 4332 in
1115 4266 1211 4366 wglt
1233 4267 1302 4356 qui,

40 4415 45 4420 .
135 4358 247 4424 consul
262 4358 385 4435 iterum,
412 4359 468 4444 Sp.
484 4357 625 4424 Carvilio
639 4358 764 4446 eollegi
785 4359 975 4444 quiescente,
1001 4354 1042 4420 C.
1064 4352 1223 4419 Flaminio
1244 4353 1304 4416 tri·

34 4519 37 4522 ,
129 4435 223 4509 buno
235 4443 346 4531 plebis,
361 4442 468 4530 quoad
478 4443 594 4531 potuit,
608 4443 734 4522 restitit,
748 4462 862 4530 agrurn
874 4440 1039 4509 Pioentem
1047 4452 1080 4507 et
1088 4438 1310 4512 Gaurana·
