2959 4959
524 391 593 460 DE
614 388 851 459 AMICITIA.
1211 406 1278 465 609

150 496 255 577 XXI.
277 510 340 578 lut
352 514 449 579 etiam
463 515 553 602 quari
566 513 710 615 quedam
725 507 889 580 calamitae
902 512 936 578 in
951 512 1097 580 amicitiit
1111 515 1276 583 dimitten·

105 593 159 661 dia
179 618 411 686 nonnunquam
429 622 621 666 neucesaria:
637 602 707 686 jam
728 596 857 665 enimd
882 610 885 615 “
936 600 944 614 ”
988 600 1067 666 tiur'u
1081 600 1276 669 familiariti·

108 680 197 747 tibu's
210 683 253 747 ad
274 684 420 772 vulgaret
440 687 593 752 amicitiae
614 687 719 750 oratio
739 698 849 750 nostra
870 620 1041 752 deidbiltur.
1093 686 1277 774 Erumpunt

106 788 196 853 aoepe
209 768 287 834 vitia
307 773 496 850 amicornm,
511 786 576 837 tum
593 774 626 837 in
641 771 728 856 ipsos
741 772 871 848 emiooa,
895 784 964 836 tum
978 773 1013 835 in
1030 771 1154 837 'alienus
1164 795 1172 847 3
1184 795 1276 872 ,qno-

107 873 182 918 rum
204 867 311 920 tamen
332 857 374 922 ad
395 858 512 924 amicos
531 856 689 924 redundet
708 855 850 922 infamia.
893 855 991 923 Tales
1011 857 1110 944 igitur
1130 859 1282 924 amrcrtiae
1389 912 1393 917 .
1467 892 1468 895 =

107 952 186 1004 runt
201 941 386 1009 remissione
397 943 471 1009 urire
486 943 643 1021 eluendae,
658 958 691 1008 et
712 948 762 1028 (ut
778 943 935 1007 Catonem
949 942 1056 1008 dicere
1076 942 1198 1024 audivi)
1212 943 1278 1008 dis·

27 1085 35 1097 ,
105 1024 250 1089 auendae·
266 1026 365 1116 magio
379 1029 476 1117 quum
502 1029 739 1117 discindendoej
762 1029 824 1091 nisi
845 1028 992 1114 quaedam
1006 1028 1178 1095 admodum
1194 1029 1282 1094 into·-

106 1107 250 1175 lerabilia
263 1113 376 1199 injuria
390 1114 554 1190 exarserit,
578 1127 616 1177 nt
637 1134 741 1199 neque
765 1126 886 1177 rectum
909 1134 1011 1199 neque
1033 1114 1205 1179 honestum
1224 1115 1276 1193 ait,

107 1196 294 1281 neque-fieri
308 1201 419 1284 poerit,
443 1212 560 1264 utnon
584 1199 691 1263 atatim
714 1196 866 1261 alienatio
887 1196 1118 1288 disjunctioque
1131 1198 1277 1265 facienda

106 1279 161 1344 ait.
205 1281 262 1347 Sin
275 1297 382 1349 antem
398 1295 454 1350 aut
468 1305 594 1348 morum
619 1297 675 1348 aut
696 1282 874 1349 studiorum
901 1287 1106 1353 commutatio
1129 1285 1277 1385 quedam

104 1369 159 1450 (ut
169 1365 242 1433 fieri
256 1368 349 1447 solet)
363 1366 447 1433 facta
459 1371 531 1444 erit,
546 1382 602 1435 aut
613 1369 648 1433 in
662 1370 707 1434 rei
732 1369 848 1434 ublicae
903 1368 1005 1434 rtibua
1018 1368 1170 1435 disaenm
1181 1372 1282 1436 inter-

106 1454 249 1529 currerit,
266 1452 395 1539 (loquor
408 1455 492 1519 eninr
502 1456 581 1541 jam,
604 1391 746 1543 ntpauiq
759 1452 834 1521 ante
872 1455 928 1532 ixi,
943 1476 1009 1519 uon
1024 1453 1112 1519 desa
1134 1455 1277 1536 ientiunu

104 1536 167 1601 aed
179 1535 221 1600 'de
236 1539 460 1604 communibus
473 1541 632 1621 amicitiis)
647 1540 823 1606 cavendum
838 1541 910 1618 erit,
922 1563 963 1605 ne
977 1562 1041 1605 non
1056 1539 1104 1604 eol
1169 1542 1279 1606 amici·

34 1624 38 1631 ‘
105 1618 163 1686 tioe
176 1619 343 1705 depositae,
358 1623 414 1688 red
428 1624 603 1692 inimicitie
616 1627 710 1699 etiem
726 1638 888 1712 susceptae,
903 1622 1087 1691 rideantur:
1098 1624 1178 1688 nihil
1193 1626 1279 1691 cuiun
1337 1696 1340 1700 A

14 1734 16 1743 ¹
107 1716 162 1770 eet
172 1706 307 1791 turpius,
321 1708 416 1809 quim
431 1733 504 1779 curn
519 1734 559 1775 eo
573 1712 691 1776 bellurn
705 1733 826 1799 gerere,
842 1709 970 1798 quicum
986 1710 1181 1777 familiariter
1190 1712 1279 1777 vixe-

33 1814 37 1825 ·
105 1792 167 1867 ria.
211 1792 264 1857 Ab
278 1793 420 1860 amicitiai
435 1796 477 1873 Q.
497 1797 640 1883 Pompeii
652 1820 724 1862 rnen
737 1799 868 1862 nomine
880 1820 914 1860 se
925 1807 1102 1862 removerat
1116 1802 1166 1895 (ut
1179 1796 1284 1877 scitis)
1334 1796 1340 1807 “

105 1876 239 1963 scipio:
263 1894 395 1965 propter
408 1880 634 1948 dissensionem
649 1895 765 1959 autem,
781 1904 852 1970 quae
867 1894 936 1946 erat
950 1881 984 1945 in
1007 1880 1180 1966 republrcb
1203 1882 1279 1947 alie-

106 1975 205 2029 natus
218 1977 264 2028 eet
276 1963 297 2028 ὲ
311 1966 437 2052 collegia
447 1982 557 2034 noatro
573 1965 717 2034 Metello.
741 1968 998 2055 Utrumqueegit
1010 1967 1161 2053 graviter,
1171 1979 1279 2031 aucto·

106 2048 215 2127 ritate,
231 2064 263 2114 et
277 2051 452 2119 offensione
465 2054 564 2118 animi
573 2076 639 2118 non
653 2052 781 2118 acerbi.
815 2053 1031 2130 Quamobrem
1047 2049 1279 2137 primunr‘dan·

106 2132 156 2198 da
169 2155 268 2220 opera
280 2152 337 2216 cet,
353 2161 394 2203 ne
403 2163 468 2226 qua
481 2141 657 2206 amicorum
671 2138 805 2204 discidia
823 2138 918 2215 fiant3
941 2139 990 2202 sin
1001 2137 1064 2202 tale
1078 2136 1198 2223 aliquid
1208 2158 1280 2201 eve·

106 2221 205 2296 nerit,
220 2236 256 2286 ut
269 2225 436 2290 exstinctae
449 2224 734 2311 ponusjamicitioe,
750 2222 848 2312 quim
870 2245 1040 2310 oppressu,
1065 2244 1131 2287 esse
1153 2221 1282 2287 videan-

108 2317 173 2371 tur.
219 2305 405 2375 Cavcndum
420 2310 507 2391 verb,
523 2314 673 2377 ucetiam
695 2311 729 2375 in
778 2333 866 2376 raven
890 2309 1072 2374 inimicitias
1084 2321 1281 2374 convertant

108 2414 145 2457 ee
158 2393 325 2469 amicitiae3
348 2418 388 2459 ex
426 2398 518 2461 uibus
528 2398 645 2483 jurgia,
662 2335 841 2474 maledicta,
856 2393 1067 2471 contumeliae,
1082 2394 1277 2481 gignuntur3

108 2498 185 2562 quae
199 2489 306 2540 tamen
328 2478 355 2540 ei
376 2419 555 2544 tdierabiliu
569 2494 672 2556 erunt,
687 2481 817 2545 ferenda
831 2494 915 2556 aunt,
931 2495 963 2544 et
980 2480 1033 2544 hic
1059 2468 1160 2543 bonos
1181 2478 1281 2544 veteri

109 2560 261 2626 amicitiae
282 2561 479 2640 tribuendus,
502 2575 539 2626 ut
558 2564 584 2626 ia
598 2565 631 2625 in
647 2562 744 2646 culpi
758 2565 807 2637 sit,
828 2565 884 2649 qui
897 2564 1002 2637 faciat,
1023 2582 1088 2625 non
1104 2564 1159 2647 qui
1179 2564 1281 2646 patia-

110 2659 177 2724 tur,
192 2646 352 2733 injuriam.
397 2647 542 2712 Omnino
563 2648 707 2712 omnium
729 2646 845 2710 horum
868 2647 1017 2711 vitiorum
1039 2658 1133 2731 atque
1158 2646 1280 2710 incom-

110 2732 285 2800 modorum
308 2756 371 2797 una
392 2733 499 2798 cautio
520 2745 578 2811 eet,
601 2745 695 2819 atque
716 2754 782 2797 una
802 2732 952 2816 provisio,
978 2745 1014 2795 ut
1037 2752 1079 2794 ne
1099 2731 1194 2794 nimia
1215 2731 1284 2796 citb
1373 2782 1376 2795 ,

111 2817 250 2903 diligero
270 2818 436 2904 incipiant,
447 2840 526 2884 nere
540 2821 605 2884 n‘on
627 2819 752 2905 dignos.
797 2818 899 2905 Digni
920 2828 1026 2881 autem
1041 2830 1116 2880 suut
1129 2815 1281 2896 amicitib,

114 2903 231 2992 quibua
259 2902 292 2967 in
314 2905 391 2989 ipsis
416 2906 622 2983 incatenate,
651 2925 709 2968 cur
731 2903 916 3002 diligantur.
963 2903 1084 2968 Rarum
1108 2924 1227 2990 genus:
1249 2915 1282 2968 et
1307 2926 1314 2936 ·

114 2989 247 3078 quidem
269 2992 377 3055 omnia
391 2989 544 3075 praeclara
555 3012 648 3067 rara3
669 3012 729 3054 nec
743 2989 916 3076 quidquam
930 2987 1097 3064 difficilius,
1113 2984 1209 3073 quim
1229 3009 1282 3053 re·

114 3074 232 3162 perire,
247 3075 335 3162 quod
349 3078 390 3141 ait
404 3076 493 3143 onai
507 3098 548 3140 ex
562 3089 653 3162 parte
666 3076 699 3139 in
715 3098 773 3140 auo
787 3096 904 3161 genere
917 3074 1102 3160 perfectum.
1136 3073 1200 3138 Sed
1213 3072 1281 3158 ple·

116 3161 210 3248 rique
233 3183 338 3248 neque
363 3163 396 3226 in
422 3161 517 3226 rebus
536 3161 684 3226 humanis
708 3162 881 3249 quidquam
909 3161 1027 3225 bonum
1051 3158 1188 3245 uiuunt,¹
1219 3157 1282 3222 niai

117 3245 206 3345 quod
229 3245 425 3313 frumuosnm
447 3248 505 3323 ait3
527 3258 560 3312 et
590 3247 721 3324 amicos,
745 3257 905 3333 tamqnam
931 3245 1079 3331 pecudes,
1110 3266 1163 3307 eos
1183 3243 1282 3331 potia·¹

101 3328 234 3395 'rumim
259 3331 406 3418 diligunt,
431 3355 473 3397 ex
497 3333 612 3419 quibua
636 3346 766 3417 sperent
792 3355 825 3396 ee
854 3332 1029 3396 maxImum
1051 3329 1286 3419 fructum-esee

117 3426 293 3500 capuuosz.
308 3418 352 3480 ita
364 3416 580 3501 pulcherrimi
593 3416 650 3482 illu
672 3429 704 3481 et
723 3416 864 3482 maximb
884 3416 1022 3481 naturali
1047 3419 1155 3479 carent
1172 3415 1282 3480 amici·

118 3499 539 3652 {Atratum
548 3500 832 3654 ἒῗρῖἓέῗῗξιέῗ
857 3498 1281 3673 spiriii’b‘fftzb‘tb

115 3670 181 3757 git,
202 3692 268 3736 nou
283 3685 320 3735 ut
339 3609 477 3771 aliqndm
491 3670 511 3735 d
526 3696 558 3739 re
578 3612 646 3759 idio
660 3609 961 3760 mereedempfxigat
975 3610 1113 3738 caritdtis
1126 3694 1201 3750 aure,
1225 3670 1284 3735 red

114 3754 208 3842 qudd
262 3778 332 3821 rae
345 3755 406 3821 aibr
420 3755 551 3843 quiaque
565 3780 655 3824 curua
669 3773 735 3824 eat:
758 3757 845 3844 quod
859 3758 919 3821 niai
945 3758 1029 3823 idem
1052 3759 1087 3823 in
1110 3756 1282 3853 amicitiam

222 3853 337 3920 eretur,
371 3864 465 3907 verns
493 3844 611 3909 amicus
638 3866 802 3930 nunquam
830 3866 847 3907 r
905 3843 1020 3909 rietur:
1052 3854 1099 3906 eat
1136 3841 1221 3904 enim
1253 3859 1283 3903 ra

113 3923 253 4025 ¹quidam
276 3939 438 4019 tamqnam
460 3925 541 4013 aiter
554 3928 648 3994 idem.
692 3928 792 4006 Qudd
817 3865 929 4001 aieiieoc
950 3939 1082 4030 apparet
1104 3926 1137 3989 in
1163 3924 1281 4001 bestiis,
1327 3968 1356 4011 ,ι

119 4008 315 4088 volucribus,
334 4012 494 4090 nantibua,
519 4015 703 4100 agrestibus,
729 4015 897 4094 cicuribus,
924 4013 1008 4091 farra,
1033 4009 1171 4096 primum
1193 4020 1229 4073 nt
1248 4029 1283 4073 re

73 4099 77 4107 '
115 4094 260 4259 diffluit
279 4094 362 4196 ipseo·
371 4098 418 4182 (id
431 4098 518 4163 enim
538 4100 658 4185 pariter
670 4121 744 4165 curn
763 4101 852 4166 omni
867 4099 1027 4163 animante
1040 4091 1211 4173 nascitur);
1226 4092 1283 4159 de·

122 4181 134 4196 ⁰
222 4192 262 4248 ut
274 4196 438 4282 requirant
457 4198 608 4358 arqqeap
705 4186 790 4264 tad
807 4206 938 4270 quaerre
958 4181 1127 4268 applicent,
1143 4179 1283 4267 ejusdem

70 4290 82 4313 ·
119 4267 248 4351 generis
268 4270 495 4344 ammenturi
542 4293 582 4336 ne
653 4271 808 4336 'anteum
823 4268 989 4345 desiderio,
1005 4281 1038 4331 et
1051 4287 1123 4331 cum
1145 4264 1284 4353 qnidam

116 4348 327 4422 nmffirudiue
339 4352 618 4436 emorirhumani3
639 4353 807 4446 quantoid
830 4352 932 4441 augia
955 4353 990 4418 in
1014 4351 1144 4419 homine
1167 4352 1205 4418 fit
1226 4374 1284 4418 na·
