2959 4959
530 315 831 420 'parmenses
849 348 901 434 11.
1307 355 1376 440 rra

129 477 264 558 tabulas
287 476 554 556 innumerabilem
576 477 745 568 pecuniam
768 475 979 564 dissipavisti3
1002 476 1044 562 ad
1065 479 1195 567 quesne
1218 480 1317 550 domo

137 564 279 648 Caessris
307 577 374 636 mur
404 563 504 642 multa
528 561 631 630 delate
659 575 754 640 suut3
791 563 880 647 cujus
908 561 1021 628 domus
1050 563 1375 652 quaestuosissimab'l)

133 663 185 724 est
210 650 366 720 falsorum
383 648 683 717 commentmiorum
697 661 731 713 et
753 647 1040 738 chirographorum
1055 651 1198 729 officium
1221 677 1318 755 agro·

133 758 223 816 rum,
269 736 472 825 oppidorum,
515 735 764 813 immunitatum,
807 733 1021 824 vectigalium,
1065 737 1317 826 flagitiosissunae

136 822 307 890 nundinae.
350 822 479 888 Etenim
501 844 574 910 quae
596 844 649 887 res
673 821 804 911 egestati
827 835 859 886 et
883 821 941 886 oeri
969 824 1074 887 alieno
1100 838 1166 903 tuo,
1199 841 1318 912 praeter

135 921 279 976 mortem
309 907 451 988 Caessris,
485 907 657 974 subvenire
691 905 872 994 potuisset?
930 905 1048 974 Nescio
1077 908 1155 996 quid
1187 926 1318 976 contur-
1433 985 1435 989 Α

135 989 235 1060 hatus
260 1018 326 1064 esse
347 993 424 1060 mihi
442 991 579 1060 rideris:
601 993 761 1080 numquid
786 993 947 1071 subtimes,
970 1016 1012 1059 ne
1037 994 1079 1060 ad
1105 1007 1136 1060 te
1159 994 1221 1060 hoc
1237 996 1316 1063 rcri·
1329 1004 1375 1063 65

136 1101 214 1145 men
227 1081 385 1168 pertinere
398 1078 570 1150 videatur?
603 1077 723 1144 Libero
738 1090 885 1156 temetu;
908 1101 1003 1145 nemo
1024 1080 1134 1148 credet
1154 1105 1318 1170 unquamr

136 1187 207 1230 nun
221 1181 268 1232 est
281 1180 370 1234 tuum
392 1164 436 1233 de
448 1162 616 1254 republicis
630 1161 712 1230 bene
733 1164 867 1230 mereri:
890 1164 987 1232 habet
1007 1167 1096 1232 istius
1132 1166 1319 1234 ulcherrimi

14 1261 16 1328 ζ
137 1250 213 1318 fecti
235 1251 426 1318 clarissimos
439 1252 528 1318 viros
544 1250 724 1338 respublica
738 1265 900 1316 auctores:
923 1275 982 1338 ego
997 1265 1029 1317 te
1043 1190 1165 1322 tantdm
1176 1255 1318 1342 gaudere

14 1339 19 1410 ’ἒ
109 1335 220 1415 dico,
243 1337 356 1404 fecisse
375 1360 443 1404 non
468 1360 582 1425 arguo.
602 1353 605 1360 ’
627 1337 794 1425 Respondi
823 1338 971 1403 maximis
996 1338 1198 1406 criminibus:
1229 1363 1319 1408 nunc
1425 1407 1427 1416 χ

14 1417 20 1478 ἶ
130 1424 231 1490 etiam
245 1423 377 1512 reliquis
390 1421 650 1511 respondendum
666 1436 722 1489 est
1330 1432 1375 1499 70

14 1490 22 1528 ²
180 1509 261 1574 VII.
286 1510 401 1578 Castra
415 1509 496 1575 mihi
511 1510 669 1597 Pompeii,
693 1523 789 1598 atque
800 1533 896 1576 omne
910 1510 990 1578 illud
1006 1524 1141 1600 tempus,
1156 1513 1316 1614 objecisti3
1345 1569 1347 1574 .

134 1604 208 1683 quo'
224 1595 354 1684 quidem
377 1608 532 1683 tempore,
554 1597 582 1662 si
604 1601 654 1682 (ut
667 1593 751 1676 dixi)
774 1620 880 1664 meum
902 1598 1069 1665 consilium
1084 1613 1319 1689 auctorumque

137 1681 297 1761 valuisset,
313 1693 349 1750 tu
362 1681 461 1748 hodie
480 1704 598 1771 egeres,
621 1704 680 1748 nos
695 1679 788 1750 liberi
810 1706 965 1762 essemus3
988 1707 1038 1750 res
1062 1684 1165 1752 ublica
1180 1709 1246 1751 nou
1270 1699 1320 1753 tot

136 1766 236 1838 duces
247 1780 280 1834 et
292 1769 450 1836 exercitus
464 1768 631 1834 amisisset.
677 1763 796 1833 Fateor
810 1769 906 1847 euim,
933 1792 994 1850 me,
1020 1708 1092 1835 edm
1107 1795 1154 1850 ca,
1180 1796 1250 1860 quae
1264 1796 1319 1842 eo-

136 1854 296 1934 ciderunt,
318 1854 523 1956 providerem
536 1853 654 1946 future,
679 1851 771 1919 tenth
785 1855 818 1919 iu
833 1855 986 1920 moestitih
998 1856 1103 1934 fuisse,
1142 1857 1241 1924 uenth
1255 1882 1318 1924 coe-
1351 1867 1377 1926 ὅ

137 1942 197 2007 teri
212 1940 327 2028 optiuu
343 1937 437 2021 cives,
461 1940 586 2007 siidem
601 1940 824 2030 providissent,
846 1939 991 2006 fuissent.
1035 1881 1207 2024 Dolebam,
1230 1942 1321 2010 dole·

74 2053 79 2061 ¹
136 2027 225 2106 bam,
249 2027 288 2093 P.
306 2026 346 2093 C.
360 2025 605 2114 rempublicam,
620 2026 730 2094 vestris
746 2026 1067 2114 quondamureisque
1087 2027 1226 2093 consiliis
1241 2051 1320 2094 con-

137 2124 305 2191 servatum,
328 2113 418 2179 breri
442 2124 588 2202 tempore
601 2135 668 2180 esse
690 2113 877 2200 perituram.
922 2113 1035 2202 Neque
1049 2115 1125 2181 verb
1140 2137 1227 2181 eram
1253 2128 1320 2180 tam

137 2199 286 2266 indoctus
311 2198 508 2288 ignarusque
521 2221 639 2278 rerum,
662 2211 699 2265 ut
720 2198 885 2288 frangerer
900 2201 1008 2266 animo
1022 2216 1156 2287 propter
1170 2201 1243 2266 vitae
1263 2223 1320 2268 cu·
1394 2231 1397 2238 ·

133 2286 315 2374 piditatem,
349 2308 397 2352 uae
406 2308 469 2364 me,
478 2309 620 2367 manens,
636 2285 807 2352 conficeret
820 2286 1003 2375 angoribus,
1015 2288 1153 2367 dimissa,
1168 2286 1321 2356 molestiis
1334 2295 1378 2355 10

136 2374 289 2440 omnibus
314 2371 337 2435 li
360 2384 473 2438 araret.
506 2372 584 2438 Illos
607 2395 668 2461 ego
692 2375 968 2459 prestantissimos
992 2375 1087 2453 viros,
1111 2374 1233 2442 lumina
1256 2374 1320 2440 rei-

136 2459 287 2546 publice,
310 2459 415 2524 vivere
439 2458 597 2539 volebam,
627 2471 676 2523 tot
697 2460 888 2536 consulares,
912 2472 961 2525 tot
982 2463 1160 2544 praetorios,
1186 2473 1235 2525 tot
1260 2460 1321 2526 ho-

139 2545 336 2612 nestissimos
358 2558 529 2624 senatores,
552 2565 681 2610 omnem
696 2543 851 2630 praetered
873 2545 984 2608 florem
1007 2546 1183 2609 nobilitatis
1207 2568 1245 2611 ac
1264 2548 1319 2632 ju·

140 2631 290 2707 rentutis,
305 2643 373 2698 tum
447 2632 454 2647 '
490 2651 584 2696 orum
598 2630 716 2714 civium
727 2630 902 2695 exercitus:
925 2629 1017 2716 quisi
1032 2630 1183 2707 virerent,
1206 2653 1321 2729 quam·

140 2716 190 2781 uls
207 2711 319 2802 iniquh
342 2739 401 2782 con
427 2709 526 2782 itione
550 2715 648 2801 pacis,
677 2714 770 2801 (mihi
793 2716 879 2778 enim
904 2735 970 2799 pax
991 2715 1181 2779 omniscum
1196 2715 1376 2781 cuibus15

141 2803 228 2867 bello
239 2802 322 2867 civili
333 2803 441 2869 utilior
452 2800 634 2882 ridebatur)
649 2799 880 2886 rempublicam
892 2799 989 2865 hodie
999 2809 1188 2865 teneremus.
1233 2799 1319 2877 Quae

140 2889 297 2956 sententia
308 2890 334 2954 si
346 2890 504 2968 valuisset,
519 2909 558 2954 ec
569 2910 635 2954 nou
647 2887 670 2951 ii
681 2884 821 2951 araxime
833 2885 924 2963 mihi,
938 2905 1074 2972 quorum
1086 2909 1146 2974 ego
1156 2886 1231 2951 vitae
1240 2908 1320 2958 con-

652 3124 664 3164 ¹
674 3124 823 3187 accusatio.

177 3391 218 3438 59.
236 3389 273 3435 at
289 3403 352 3452 quem
368 3388 380 3435 l
394 3392 456 3439 doras
473 3390 585 3456 Cereris]
617 3389 716 3440 Mortuo
750 3391 836 3446 tonius,
846 3388 920 3455 quiid,
938 3386 1080 3453 Pompeium
1091 3396 1193 3447 secutus,
1204 3388 1320 3440 omniaia

142 3455 249 3509 Cesurc,
260 3455 717 3514 omnesejusaruieiadhutouiumcon·
749 3457 830 3505 castris
841 3455 1012 3545 perturbhsset:
1031 3455 1095 3519 quod
1104 3455 1201 3503 refutat.
1294 3507 1296 3512 ,

142 3521 265 3585 fugeruut,
285 3518 317 3564 ad
329 3532 399 3581 quem
417 3524 443 3565 ct
461 3518 597 3585 Calpurnia,
615 3521 718 3572 Caesaris
782 3524 806 3569 3.
824 3521 870 3568 llas
888 3522 950 3568 liberi
971 3520 1080 3583 neemia]
1121 3519 1182 3570 cum
1198 3520 1224 3569 iu
1244 3528 1320 3571 cestra

145 3601 211 3642 uror,
223 3582 329 3633 relictam
341 3582 371 3632 sb
383 3597 412 3629 eo
422 3585 545 3648 pecuniam
556 3587 651 3635 detulit.
751 3583 860 3649 Pompeii
871 3586 975 3634 venisset
986 3585 1077 3640 (icero.
1087 3586 1167 3651 ibique
1177 3586 1254 3634 omniu
1265 3602 1321 3651 per·

178 3654 220 3699 61.
236 3648 354 3697 Falacrem
374 3651 595 3717 mmmmm]
638 3650 717 3700 Anto·
749 3649 840 3698 turbstd
852 3660 983 3714 agerentur,
1001 3651 1073 3699 suasit
1084 3667 1176 3714 pacem,
1197 3651 1245 3716 quh
1255 3667 1322 3704 com-

145 3714 199 3763 nius
206 3714 351 3764 adulteravit
357 3709 456 3761 cesaris
463 3715 648 3776 commentarios,
657 3715 717 3783 qu'os
749 3716 836 3780 posita,
847 3716 945 3780 pristina
955 3716 1090 3781 reipublice
1106 3717 1201 3766 libertas
1213 3717 1323 3764 restitue·

148 3780 179 3826 sd
188 3780 308 3828 arbitrium
320 3793 389 3827 suum
401 3776 506 3842 protulit.
750 3789 821 3830 retur.
940 3798 942 3806 s

181 3845 221 3892 68.
238 3845 374 3894 Clusiuium
394 3844 460 3892 usar.
507 3842 614 3905 Brutum,
640 3846 719 3900 Cassi·
782 3845 820 3894 lb.
840 3843 881 3892 Tot
894 3845 979 3910 duces]
1012 3844 1042 3893 Iu
1058 3841 1321 3905 illoctvilrretlo-pre-

147 3923 198 3967 um,
209 3910 302 3960 stallos
318 3909 450 3975 coujuratio
498 3906 524 3957 lu
536 3908 652 3970 Curarem
663 3926 719 3960 aaa·
751 3910 886 3959 stantisslrni
906 3910 949 3959 viri
969 3910 1106 3974 pericmut3
1128 3906 1256 3971 Pompeius
1275 3906 1322 3954 sci·

147 3980 219 4022 tores.
750 3976 815 4033 licet,
827 3976 897 4033 Ceto,
914 3976 1032 4034 Petreius,
1048 3980 1074 4022 et
1083 3973 1203 4022 Afranius.

180 4038 219 4088 ΙΙ).
239 4036 334 4086 rantra
342 4038 462 4108 ganan]
488 4035 548 4087 Erat
556 4053 598 4086 cur
606 4039 721 4106 gauderet
786 4041 1033 4090 representatum
1053 4041 1116 4086 siros.
1163 4035 1203 4084 Dc
1222 4031 1269 4081 illis
1286 4032 1324 4084 lo·

148 4101 311 4154 Antoniusde
330 4104 523 4163 mortsCaeserls,
540 4102 720 4169 qsiasuulrnos
752 4108 839 4172 quitur,
850 4106 892 4170 qui
902 4107 927 4153 in
936 4105 987 4153 scie
999 4102 1104 4152 Pharsali
1143 4100 1271 4164 perierunt.

148 4183 177 4217 er
189 4168 216 4218 el
228 4170 317 4218 fructus
332 4177 357 4216 et
366 4170 479 4220 utilitates
491 4175 639 4235 perceperat.
657 4163 720 4220 Hinc
785 4174 826 4222 15.
843 4171 924 4233 Iniqua
933 4168 1054 4218 wuditiora
1064 4165 1147 4229 posu]
1181 4164 1323 4230 Optanduur

147 4234 256 4283 exhausit
265 4232 380 4293 crarium,
394 4233 530 4288 adulteratis
538 4234 720 4294 ammanus,
751 4236 836 4284 fuisset
851 4234 930 4304 potius
952 4233 983 4279 sd
1005 4230 1122 4279 Cererem
1144 4245 1194 4277 rem
1215 4232 1325 4288 rediisse.

152 4298 218 4347 dedit
228 4300 362 4363 provincias
372 4299 456 4363 quibos
466 4300 550 4360 voluit,
566 4300 613 4354 dcc.
753 4317 825 4367 quam
836 4307 873 4347 tot
881 4300 943 4345 viros
953 4295 1060 4359 egregios
1068 4296 1176 4426 periisse.

187 4369 210 4411 1.
226 4364 433 4428 eumfapstt]
449 4363 721 4429 objecrtctoeronttu-
787 4365 827 4413 17.
846 4359 1067 4412 denuntiaverint.
1108 4359 1238 4438 Pompeius
1246 4369 1272 4411 et
1282 4358 1327 4410 Ci-
