2959 4959
542 413 822 482 PHlLlPPICA
845 413 892 479 11.
1294 433 1355 497 441

129 536 239 625 primo
253 540 563 628 reprehendendum,
578 540 738 618 laudanda
751 543 939 608 constantia.
984 543 1038 609 Tu
1053 543 1129 611 verb
1152 548 1222 634 quis
1247 547 1324 615 este
1394 541 1395 544 ¹

125 623 197 696 ,Cn
215 625 363 713 Pompeii
378 628 467 693 liberi
482 628 618 714 primdm
633 630 770 714 patriam
785 628 980 714 repetebant.
1003 629 1098 697 Esto:
1121 632 1215 699 fuerit
1228 657 1304 720 par·
1338 682 1340 686 -

123 712 214 776 ,tium
231 711 299 777 baec
313 736 409 778 causa
423 713 608 779 communis.
644 714 846 800 Repetebaut
859 715 936 780 deos
949 717 1079 800 patrios,
1091 715 1093 720 ’
1107 741 1186 797 aras,
1202 719 1303 800 focos,

123 796 233 872 larem
248 822 341 864 suum
355 799 550 878 familiarem,
567 801 601 865 in
612 822 684 887 quse
697 813 732 865 tu
747 802 915 866 invaseras.
939 802 1022 867 Haec
1036 802 1109 867 cum
1123 817 1303 890 repeterent

129 883 231 947 arima
246 884 279 962 ii,
299 907 435 971 quorum
450 902 540 952 erant
553 885 687 973 legibus,
702 888 774 973 (etsi
788 889 820 952 in
838 888 932 952 rebus
945 888 989 951 ini
1014 890 1232 977 uisai'misquid
1314 906 1357 966 60

69 1049 81 1061 ἱ
131 979 193 1033 test
207 991 277 1034 esse
290 970 410 1058 inquii)
425 983 533 1038 tamen
547 974 851 1059 eratoequissimum,
867 985 979 1039 contra
1043 974 1244 1062 .Pompeiili

130 1075 186 1120 ros
203 1054 266 1120 Cn.
283 1056 426 1144 Pompeii
465 1080 585 1145 ugnare
599 1072 764 1124 sectorem.
997 1077 1000 1084 ⁴
1076 1092 1080 1104 ·
1288 1113 1292 1122 .

177 1140 262 1206 XII.
303 1144 415 1207 An-tu
472 1145 595 1209 arbone
619 1166 743 1209 mensas
768 1143 930 1227 hospitum
958 1168 1173 1225 convomeres,
1200 1148 1303 1214 Dola·

130 1225 216 1292 bella
229 1249 296 1312 pro·
305 1240 336 1292 te
350 1229 384 1292 in
402 1228 565 1315 Hispaniia
578 1227 769 1296 dimicaret?
812 1229 881 1306 Qui
895 1230 969 1294 verb
985 1230 1138 1298 Narbone
1159 1233 1304 1306 reditas?

128 1324 163 1378 et
177 1325 284 1378 tamen
300 1314 475 1401 quaerebat,
498 1338 556 1381 cur
569 1338 631 1403 ego
643 1338 684 1381 ex
697 1315 769 1402 ipso
783 1337 879 1381 cursu
894 1329 958 1379 tam
974 1316 1078 1382 subito
1097 1320 1303 1402 revertissem.

131 1397 280 1484 Exposui
305 1422 419 1484 nuper,
444 1401 483 1466 Ρ.
513 1402 556 1467 C.·
581 1424 709 1466 causam
734 1400 855 1466 redimis
878 1402 951 1466 mei.
994 1401 1101 1480 Volui,
1127 1403 1154 1468 si
1168 1420 1303 1489 possem,

122 1486 234 1550 ,etiam
248 1498 324 1551 ante
347 1486 506 1552 Calendas
519 1487 700 1568 lanuarias,
720 1487 870 1574 prodesse
884 1486 1093 1572 reipublicaer.
1106 1510 1192 1567 nam,
1216 1490 1305 1579 qubd
1337 1505 1357 1565 6

132 1571 297 1657 quaerebas
321 1572 484 1659 quomodo
510 1572 677 1652 redissem3
708 1573 848 1659 primirm
876 1574 954 1651 luce,
978 1595 1043 1639 non
1065 1575 1219 1657 tenebris3
1248 1577 1304 1641 de·

127 1656 212 1726 inde
230 1679 302 1722 cum
326 1658 441 1728 calceis
466 1671 500 1724 et
523 1658 608 1744 toga,
632 1658 728 1725 nullis
753 1682 813 1725 nec
837 1660 970 1725 Gallicis
992 1681 1052 1726 nec
1076 1660 1213 1726 lacerna„
1239 1664 1305 1728 .At

131 1742 229 1810 etium
255 1743 391 1830 adspicis
417 1768 479 1823 me,
502 1758 535 1810 et
557 1746 697 1833 quidem,
721 1758 758 1811 ut
779 1746 907 1823 rideris,
929 1745 1047 1814 iratus:
1080 1757 1156 1812 ‘noe
1180 1762 1215 1813 tu
1235 1750 1304 1836 jam

130 1850 257 1898 menum
283 1831 316 1894 in
339 1832 474 1916 gratiam
500 1831 619 1908 redeas,
648 1833 675 1895 si
700 1833 789 1906 scias,
813 1830 910 1918 quim
936 1853 988 1894 me
1012 1830 1131 1915 pudeat
1154 1836 1305 1921 nequitioe

131 1927 208 1994 tuae,
230 1916 320 2001 cujus
341 1929 373 1980 te
392 1917 496 2002 ipsum
522 1939 587 1981 raon
607 1916 715 2003 pudet.
762 1917 814 1982 Ex
839 1916 1153 1982 omniumomniuni
1177 1920 1218 1984 lla
1242 1920 1305 1985 itiis
1320 1938 1358 1995 10

131 2001 257 2067 nullum
281 2002 405 2087 turpius
422 2002 498 2081 vidi,
525 2003 649 2069 nullum
665 2003 784 2069 audivi.
808 2004 875 2080 Qut
890 2003 1041 2090 magister
1055 2004 1199 2090 equitum
1210 1945 1305 2071 disse

132 2086 193 2152 tibi
207 2088 359 2164 viderere,
383 2089 416 2152 in
431 2090 615 2173 proximum
629 2112 751 2155 annum
765 2089 963 2156 consulatum
972 2101 1108 2237 peteres,
1132 2090 1180 2154 vel
1200 2090 1305 2177 potius

130 2172 296 2261 brogarem
312 2173 348 2250 is,
357 2193 417 2260 per
427 2176 600 2262 municipia
609 2175 970 2264 coloniasqueGalliae‚(
1001 2174 1066 2262 quis
1075 2196 1134 2239 nos
1143 2190 1221 2257 tum,
1232 2176 1304 2242 cum

398 2475 504 2536 ‘certe
858 2473 1036 2553 bflagitares.

126 2811 130 2826 '
166 2805 208 2853 57.
227 2806 307 2854 Fuerit
325 2805 391 2869 tae]
409 2805 490 2855 Patria
506 2804 636 2856 communis
652 2811 703 2853 crat
734 2811 760 2852 et
779 2803 942 2853 calceamenta
961 2800 1148 2850 effeminatnrmn
1176 2803 1306 2861 bominum,

134 2869 286 2934 Pompeianis
297 2878 322 2918 et
333 2870 480 2920 Caesarianis.
734 2870 821 2934 quibus
831 2868 866 2915 uti
877 2867 938 2914 viros
949 2866 1086 2914 indecorum
1097 2876 1155 2915 erat.

166 2936 207 2984 58.
225 2933 309 3000 Fauna]
326 2934 443 2984 Adineos
459 2951 525 2984 sacra
542 2935 631 2983 fiebant
647 2933 702 2982 Diis
768 2933 805 2982 lb.
818 2931 940 2996 [samad]
958 2931 1062 2982 lacerna
1073 2932 1136 2979 idem
1156 2939 1192 2981 cst
1211 2947 1238 2980 ac
1257 2947 1305 2995 pas-

134 2999 241 3056 Iaribus,
263 3015 323 3065 quoa
340 3000 458 3063 praecipue
475 3001 588 3063 religione
608 2999 703 3047 familias
734 2999 799 3056 nula,
811 3007 835 3048 et
845 2997 980 3047 vestimenti
991 3012 1065 3060 genua
1075 2998 1177 3051 brevius,
1196 3013 1244 3060 qno
1262 2997 1306 3044 mi·

134 3066 317 3124 venerabantur,
327 3064 403 3129 iisque
414 3080 465 3113 arar
476 3064 652 3113 consecrabant.
734 3063 788 3113 lites
799 3064 940 3121 utebantur}
956 3062 1093 3110 indecorum
1112 3070 1190 3111 autem
1204 3061 1250 3109 suit
1268 3077 1305 3111 se·

68 3133 72 3138 '
167 3134 209 3180 61.
227 3128 308 3177 Tamen
323 3139 372 3178 erat
386 3128 553 3193 equitantum]
581 3128 639 3176 Non
658 3128 704 3176 ini·
734 3139 841 3178 satorem
852 3143 905 3176 cum
916 3127 1042 3176 lacerabat
1053 3126 1152 3176 Gallicis
1160 3128 1190 3175 ad
1200 3126 1304 3185 comitia,
1349 3145 1352 3150 ⁴

132 3211 206 3261 quum
218 3211 269 3245 esse
279 3194 412 3250 ridebatur,
427 3193 447 3241 ai
458 3200 574 3258 pugnaret
588 3191 705 3240 Antonius
737 3195 884 3242 consulatum
897 3194 1031 3257 petiturum,
1039 3193 1127 3240 venire.

134 3275 180 3325 pro
190 3260 261 3307 rebus
272 3274 319 3307 non
329 3258 467 3316 reddendis,
478 3274 537 3323 quas
545 3257 590 3306 sibi
598 3256 705 3322 proprias
772 3263 812 3307 11.
840 3259 950 3323 Magister
966 3258 1064 3322 equitum
1089 3254 1203 3319 siderare]
1248 3254 1306 3304 Non

135 3323 306 3377 vindicaverat.
317 3324 399 3386 utppte
407 3339 466 3388 quaa
474 3325 488 3372 d
496 3322 591 3372 Caeaare
598 3322 705 3371 redeme·
737 3322 864 3373 albirideri
871 3324 943 3372 debet
950 3322 1031 3370 reveni
1039 3322 1110 3369 luisse
1120 3336 1188 3369 verus
1195 3321 1305 3384 magister

122 3387 208 3437 ‘talin
219 3386 336 3434 auctione.
385 3419 390 3428 ·
736 3389 844 3452 equitum
864 3388 992 3443 Antonius,
1010 3386 1067 3450 qnia
1083 3387 1145 3434 banc
1164 3385 1305 3449 dignitatem

170 3456 194 3500 1.
214 3449 322 3498 Narbone.
358 3449 448 3507 Narbo,
465 3453 506 3516 qul
525 3452 581 3500 olim
603 3451 704 3512 Martius
737 3453 850 3517 oppressi
859 3452 980 3517 republicb
991 3451 1099 3499 obtinuit.

30 3501 33 3506 Ι
136 3517 272 3571 ἀίοῑπεεεῑ,
289 3514 374 3564 Galia
386 3515 705 3566 Brachataeolimnobilissi·
771 3522 810 3568 13.
845 3518 984 3580 &manaae
1010 3515 1111 3580 Gallie]
1150 3512 1211 3563 cum
1229 3514 1306 3563 audiit

134 3598 201 3633 num
210 3581 351 3645 emporium,
361 3580 486 3631 etooionia
497 3582 665 3631 Romanorum.
737 3581 856 3631 Antonius
866 3581 942 3630 redire
952 3583 972 3648 1i
988 3580 1068 3630 Gatttt
1079 3580 1194 3630 Caesarem
1215 3580 1240 3628 in
1258 3580 1305 3629 Ur·
1357 3617 1359 3624 r

169 3653 192 3697 2.
225 3646 269 3695 Pro
295 3659 317 3695 te
340 3647 562 3712 tornantem
583 3648 706 3696 dimicaret
737 3649 800 3705 bem,
817 3650 847 3695 ad
865 3662 919 3696 eum
936 3647 1061 3702 renitille,
1078 3646 1194 3695 utiarure
1205 3645 1305 3693 munici-

135 3711 273 3768 Dolabella.
290 3727 321 3760 nc
330 3711 575 3778 patrimoniamauum
586 3713 705 3778 direptum
737 3713 840 3790 piorum,
856 3719 881 3760 et
891 3711 1033 3760 coloniarum
1044 3728 1097 3776 quae
1107 3719 1174 3760 erant
1183 3711 1206 3757 in
1215 3709 1305 3765 Gaura,

136 3777 168 3824 ab
183 3776 288 3826 Antonio
303 3778 422 3841 perderet.
440 3775 557 3828 Antonius
574 3777 706 3843 ipae¹Nar·
737 3777 800 3827 illius
810 3778 833 3827 in
845 3775 967 3826 consulatu
977 3777 1068 3841 collega
1083 3777 1164 3834 fieret3
1179 3790 1235 3823 nara
1255 3789 1305 3821 mn·

137 3842 201 3890 boae
211 3843 314 3905 crapula
325 3859 351 3892 ae
360 3843 442 3891 dabat.
511 3875 515 3884 ι
738 3843 828 3908 uicipia
836 3850 862 3890 et
870 3842 969 3891 coloniae
978 3842 1018 3906 jus
1029 3843 1150 3890 habebant
1158 3838 1269 3894 civitatis,
1280 3846 1307 3886 et

172 3903 210 3953 lb.
229 3907 276 3960 Qui
294 3907 343 3956 uari
364 3907 468 3956 Narbone
487 3907 598 3971 adituri]
614 3905 707 3985 Arpine-
738 3909 813 3957 dandi
823 3907 927 4020 31111ηᾶἱὶ
937 3909 962 3955 in
971 3902 1257 3960 eomitiiaoonaalaribus;
1274 3903 1305 3950 ad
1344 3929 1347 3936 ‹

133 3977 172 4022 tat
189 3969 290 4019 reditum
309 3971 429 4021 Ciceronis
449 3971 551 4020 Romam
572 3970 706 4030 Antoniou
737 3989 791 4038 qua·
799 3971 885 4023 oamG
911 3971 1102 4023 liciaetlacemit
1119 3968 1193 4024 venit,
1211 3973 1306 4030 rogata·

136 4044 163 4086 at
177 4034 290 4089 ostendit.
313 4036 350 4084 loa
371 4038 380 4053 ⁸
399 4037 559 4104 turpissimum
576 4053 605 4085 ex
625 4036 705 4085 Galliis
722 4055 786 4100 ⁴rus,
803 4048 829 4086 ut
839 4054 883 4103 pro
893 4055 918 4086 ae
927 4038 991 4102 apud
1000 4036 1117 4085 Cesaram
1125 4032 1306 4081 intercederent.

92 4131 97 4142 ι
135 4099 329 4168 Antoniniana.
352 4054 510 4151 liediitenim
524 4100 705 4166 Cicermutpa·
737 4102 769 4152 ld
781 4111 860 4152 autern
871 4104 1024 4160 veliementer
1033 4100 1110 4177 arguit
1126 4098 1221 4151 Cicero,
1237 4098 1307 4159 quasi

137 4166 187 4215 trias
200 4164 335 4214 consuleret
349 4166 374 4212 ia
392 4167 508 4215 electione
523 4167 663 4225 consulum
680 4173 706 4215 at
736 4168 838 4217 alienum
848 4168 865 4214 ri
876 4183 939 4215 more
949 4165 1168 4226 consuetudineque
1185 4159 1307 4211 Romano·

138 4230 258 4282 ananus
275 4228 354 4286 rediit,
371 4231 428 4293 quia
437 4232 530 4280 audivit
540 4231 657 4281 Caesarem
668 4230 705 4279 in·
737 4250 797 4288 rum,
807 4232 849 4295 qni
861 4247 907 4279 non
915 4245 1004 4293 rogare,
1015 4230 1058 4277 aed
1066 4235 1149 4291 petere
1160 4227 1306 4276 consulatum

137 4296 260 4345 teriactoar
266 4310 332 4354 eate3
343 4300 368 4344 et
373 4296 468 4343 domum
475 4306 548 4346 nocta
556 4297 629 4358 venit,
636 4303 702 4346 reste
734 4297 842 4346 solebant
851 4294 927 4344 deiris
936 4293 1028 4358 probis:
1040 4293 1091 4357 peti
1099 4291 1196 4355 quidem
1204 4302 1307 4358 poterat,

137 4360 217 4408 servili
227 4360 330 4409 indutus.
659 4355 664 4388 ἶ
707 4419 709 4422 ,
735 4363 777 4411 aed
790 4357 1202 4424 noueratprecibnsefflagitandns.

129 4435 133 4440 ·
170 4428 194 4474 i.
212 4424 259 4475 Ner
268 4423 383 4489 Gallicis]
402 4421 502 4472 Gallica
518 4425 704 4482 ineruntaoleoe,
