2959 4959
561 331 658 400 PRO
680 332 882 405 MILONE.
1296 328 1361 408 sti

124 478 176 530 ter
190 462 303 540 illum3
327 459 406 539 siis,
428 458 572 548 inqtmn,
593 460 749 547 potuisset
762 473 818 529 sut
840 461 1048 549 questionem
1073 462 1115 530 de
1136 473 1239 535 morte
1265 458 1305 531 P.

125 548 239 617 Clodii
254 547 347 625 ferre,
371 559 428 611 ant
449 544 552 633 ipsum
568 547 609 612 sb
623 546 731 612 inferis
754 545 903 627 excitare,
929 561 1038 614 utrum
1060 551 1179 636 putatis
1201 551 1304 617 iamn-

121 658 199 703 rum
212 630 334 700 fuisse?
367 629 475 698 Etiam
500 632 527 697 si
550 646 684 720 propter
707 632 879 734 amicitiam
893 633 1102 739 'ffuminum
1126 635 1168 702 ab
1193 635 1303 739 ipferis

120 718 617 891 immitit}
630 718 1357 893 ittitis.¹ittttt¹tt⁰iltst⁵⁵

123 904 159 958 et
173 892 216 958 de
230 891 297 977 ejus
310 911 387 955 nece
398 889 464 956 lata
478 889 614 978 quaestio
628 903 684 967 est,
706 889 762 992 qui
776 890 802 954 si
817 888 928 956 eidem
943 890 1013 981 lege
1026 894 1213 960 reviviscere
1224 915 1301 982 pos·

117 992 184 1056 set,
201 976 328 1042 latalex
342 998 505 1063 nunquam
520 988 609 1042 esset
653 974 762 1063 Hujus
774 998 853 1065 ergo
866 975 1050 1044 interfector
1063 979 1118 1067 qui
1142 993 1233 1060 esset,
1263 980 1300 1046 in

119 1062 310 1129 confitendo
323 1061 365 1126 ab
386 1060 493 1127 his-ne
513 1082 642 1148 poenam
666 1061 803 1140 timeret,
825 1082 905 1150 quos
928 1061 1145 1131 liberavisset?
1188 1066 1299 1137 Greci
1335 1116 1340 1125 .

122 1148 273 1214 homines
286 1148 420 1212 deornm
433 1146 573 1212 bonores
587 1147 733 1213 tribuunt
747 1147 785 1212 iis
808 1148 883 1213 viris
905 1148 961 1248 qui
986 1161 1138 1237 tyrannos
1162 1172 1296 1219 necare.
1309 1160 1356 1221 ω

121 1250 211 1300 runt.
256 1232 339 1310 Quae
364 1255 425 1321 ego
448 1233 514 1299 vidi
535 1230 694 1299 Athenis!
721 1255 793 1322 qnae
819 1232 889 1298 aliia
915 1256 950 1299 ιιι
975 1234 1107 1300 urbibus
1133 1228 1295 1306 Grato!

118 1343 201 1409 quas
215 1319 402 1387 readivinas
423 1318 540 1385 talibus
563 1318 722 1384 institutas
747 1318 842 1385 ririsl
867 1342 947 1407 quos
970 1319 1100 1389 cantus!
1127 1344 1200 1424 quae
1224 1346 1297 1390 oar·

118 1406 228 1472 mina!
252 1402 358 1492 prope
371 1403 414 1469 ad
428 1403 674 1470 immortalitatis
688 1417 720 1469 et
741 1404 928 1493 religionem
951 1419 984 1471 et
1007 1426 1194 1477 memoriam
1218 1431 1313 1487 con-¹

116 1503 299 1558 sacrantur.
354 1489 421 1555 Vos
448 1491 530 1556 tanti
555 1503 807 1556 conservatorem
834 1490 956 1578 populi,
989 1493 1070 1557 tanti
1095 1492 1220 1561 sceleris
1244 1494 1296 1561 nl·

118 1591 237 1656 torem,
263 1598 329 1642 nou
344 1573 444 1641 modb
458 1575 634 1641 honoribus
656 1575 752 1641 nullis
776 1574 929 1655 afficietis,
957 1577 1013 1643 sod
1036 1577 1079 1643 sd
1104 1579 1352 1677 supplicium&

119 1662 193 1750 rapi
207 1663 302 1729 etiam
315 1660 505 1750 patiemini?
549 1662 775 1741 Confiteretur,
797 1661 1013 1739 confiteretur,
1035 1663 1176 1752 iuquam,
1199 1667 1227 1731 si
1248 1666 1295 1732 fe·

119 1747 225 1828 cisset,
256 1763 289 1814 et
308 1769 428 1837 magno
448 1749 557 1813 animo
578 1759 610 1812 et
631 1746 767 1812 libenter
787 1770 821 1812 se
841 1745 952 1813 fecisse
973 1747 1127 1815 libertatis
1151 1752 1295 1818 omniurn

116 1834 235 1913 cassim
257 1834 344 1923 qnod
359 1836 389 1900 ei
403 1830 490 1899 certe
502 1856 570 1899 non
583 1832 801 1899 confitendum
818 1830 916 1898 modb
929 1831 1048 1911 suisset,
1070 1834 1178 1901 rerdm
1198 1838 1295 1903 etiam

117 1920 371 2022 praedicandum.
417 1918 557 1998 Etenim,
573 1919 599 1984 si
612 1918 646 1984 id
661 1940 727 1984 non
741 1931 849 2005 negat,
862 1940 902 1983 ex
916 1941 982 2006 quo
991 1917 1071 1983 nibil
1124 1921 1172 1994 tit,
1187 1923 1246 1987 nisi
1259 1936 1296 1989 ut

117 2019 324 2095 ignoscatur3
345 2004 506 2072 dubitaret
520 2003 553 2069 id
568 2003 669 2084 lateri,
692 2028 732 2070 ex
747 2026 812 2091 quo
826 2004 920 2069 etiarn
936 2005 1068 2090 praemia
1090 2004 1182 2071 audis
1192 2019 1295 2073 essent
1306 2016 1353 2080 70

116 2090 287 2180 petenda?
311 2091 371 2157 uisi
385 2089 462 2157 rard
475 2090 598 2179 gratius
610 2102 704 2191 putat
717 2112 784 2155 esse
797 2089 898 2169 robis,
921 2090 971 2156 sui
992 2112 1025 2155 se
1046 2092 1168 2178 cupitis,
1196 2090 1295 2194 quim
1362 2098 1376 2109 '

78 2204 81 2213 ¹
116 2179 215 2244 vestri
227 2178 358 2257 ordinis,
371 2176 569 2242 defensorem
579 2177 693 2253 suisse3
708 2175 780 2242 caim
792 2176 980 2262 prasertim,
992 2175 1294 2259 inetmntemone,
1373 2204 1382 2214 ·

114 2265 142 2330 si
213 2266 316 2332 siesse
326 2263 458 2341 velletis,
474 2261 615 2328 honores
627 2276 847 2350 assequeretur
860 2260 1088 2349 amplissimos:
1110 2263 1160 2328 sin
1172 2263 1293 2331 factum

180 2352 205 2416 'a
219 2374 286 2417 non
306 2350 507 2438 probaretur,
531 2345 737 2436 (quamqndnr
763 2345 817 2435 qui
840 2360 968 2449 poterat
992 2348 1075 2415 salos
1098 2371 1156 2415 sua
1177 2351 1229 2416 cui
1253 2372 1296 2417 ue

113 2459 183 2503 non
195 2436 327 2523 probari
336 2435 366 2517 i)
388 2434 442 2500 sed
464 2435 625 2512 murensi
649 2432 756 2499 minda
778 2432 943 2500 fortissimi
964 2434 1023 2499 viri
1049 2435 1149 2501 virtus
1170 2373 1354 2510 sinistro

114 2534 211 2611 grata
244 2521 448 2599 bcecidisset3
484 2541 516 2584 m
582 2544 603 2586 o
626 2521 735 2585 auimo
764 2520 986 2607 constantique
1013 2520 1140 2587 cederet
1168 2543 1210 2588 ex
1241 2523 1293 2588 iu·

114 2604 213 2698 grati
226 2608 369 2685 civitate3
391 2627 467 2672 nam
481 2542 653 2693 quidnam
666 2606 831 2693 ingratius,
858 2604 956 2692 quim
970 2603 1073 2669 laetari
1086 2618 1227 2686 caeoeros,
1242 2607 1293 2675 lu·

159 2716 195 2760 re
208 2716 282 2758 eom
302 2692 403 2759 solum
427 2704 561 2780 propter
582 2713 677 2779 quem
701 2690 808 2756 caeteri
833 2686 1042 2755 ltetareuturl
1085 2688 1292 2778 Quamquam

114 2716 182 2846 §eoo
200 2780 310 2845 animo
331 2798 454 2866 semper
475 2799 587 2842 omnes
605 2775 722 2842 suimus
743 2776 777 2840 iu
801 2774 915 2863 patriae
937 2773 1156 2862 proditoribus
1178 2777 1297 2864 oppri··

113 2865 257 2943 mendis„
269 2879 313 2945 ut,
329 2864 479 2955 quonism
494 2875 604 2929 nostra
618 2862 724 2928 lutura
737 2874 819 2927 esset
832 2860 946 2948 gloria,
972 2859 1149 2947 periculum
1164 2874 1292 3011 duoque
1302 2874 1352 2933 to
1371 2910 1375 2915 -

110 2962 147 3017 et
161 2951 312 3018 invidiam
323 2966 467 3018 nostram
479 2961 674 3035 putaremus.
697 2946 783 3014 Nam
797 2969 870 3037 qnae
884 2940 964 3011 milri
979 2946 1167 3012 contribuen
1191 2946 1292 3014 alans

109 3052 195 3104 esset
207 3039 279 3127 ipsi,
302 3037 376 3106 cim
390 3049 516 3103 tantum
531 3035 565 3099 in
578 3033 745 3100 consulatu
761 3055 832 3098 meo
851 3054 912 3119 pro
932 3031 1022 3097 robis
1042 3054 1081 3098 ac
1105 3032 1211 3106 liberis
1235 3057 1291 3100 re·
1347 3110 1351 3117 ¹

107 3125 185 3190 stria
198 3147 294 3191 ausus
305 3146 418 3202 essem,
443 3122 470 3187 si
484 3120 529 3200 id,
555 3120 642 3208 quod
656 3118 807 3196 conabar,
833 3114 902 3185 siud
927 3117 1097 3183 cnrrurimis
1111 3117 1292 3185 dimicatio-

107 3210 206 3279 nibus
221 3212 445 3309 meismeessa
469 3229 621 3307 ausurum
646 3201 843 3270 arbitrarer?
863 3226 936 3292 quoe
962 3202 1088 3305 mulier·
1101 3203 1307 3271 sceleratum-

107 3287 1345 3478 ffli'ffir'imriiiioemiil,”udiif‘'qi¹1¹'1ilii¹⁰ss¹e¹gisi¹l⁰⁵

110 3462 278 3550 Raurpub.
303 3462 453 3542 defendit,
482 3465 509 3529 is
534 3467 585 3531 vir
612 3458 687 3528 verb
708 3473 809 3548 putan
833 3484 870 3525 us
894 3473 951 3528 est.
997 3460 1114 3548 Populi
1128 3476 1213 3550 gran
1226 3476 1287 3545 est,

379 3664 520 3793 istam.
653 3800 656 3807 Ι
691 3678 1027 3794 ὶριηιυιιειιιιὲιιὶιιι

97 4040 100 4049 ·
141 4025 183 4073 ⁵2.
207 4016 370 4085 Quadam]
403 4020 434 4070 Id
451 4028 496 4081 est,
511 4018 637 4085 judicatu,
655 4019 681 4069 iu
713 4016 958 4082 amaia‚quaaiinter
966 4018 1026 4068 deos
1036 4020 1123 4065 mant.

85 4104 95 4121 ι
110 4103 159 4154 quo
169 4088 271 4136 babetur
283 4087 391 4152 questio.
746 4087 786 4134 64.
800 4081 918 4148 vom]
929 4082 990 4132 Milo
1000 4074 1286 4153 interficiendoplotb'an

141 4155 183 4202 θ’.
199 4149 359 4215 Rudanas]
391 4149 615 4216 iutelligitalatoaa,
631 4165 682 4198 mo·
713 4149 776 4198 ultus
786 4140 1284 4213 astreligionem,quamslolurittlle,esln

107 4217 224 4275 nimau,
237 4218 367 4274 emumaaa,
383 4231 436 4282 quaa
449 4217 475 4266 lu
491 4216 591 4266 deorum
606 4215 681 4265 bono·
713 4215 738 4263 in
749 4229 816 4263 sacra
825 4212 900 4262 Bonae
910 4211 971 4260 Dae
982 4226 1008 4259 se
1018 4209 1106 4259 intulit.

107 4297 157 4331 reru
168 4289 248 4332 aeota
261 4292 325 4331 sant.
745 4282 787 4328 83.
804 4279 877 4327 Ausus
885 4274 970 4339 essem]
986 4273 1103 4338 loquitur
1122 4271 1154 4322 de
1168 4269 1289 4331 'Catilina
1379 4312 1385 4315 .

140 4348 183 4397 ⁶³.
204 4345 361 4415 datvm]
394 4344 428 4397 Er
447 4347 594 4398 habebantur
615 4343 681 4398 otri·
713 4337 1069 4473 mojanrioaeissppprpsl.
1185 4356 1189 4363 a
