<?xml version="1.0" encoding="UTF-8"?>
<!DOCTYPE html PUBLIC "-//W3C//DTD XHTML 1.0 Transitional//EN"
    "http://www.w3.org/TR/xhtml1/DTD/xhtml1-transitional.dtd">
<html xmlns="http://www.w3.org/1999/xhtml" xml:lang="en" lang="en">
 <head>
  <title>
</title>
<meta http-equiv="Content-Type" content="text/html;charset=utf-8" />
  <meta name='ocr-system' content='tesseract 3.04.00' />
  <meta name='ocr-capabilities' content='ocr_page ocr_carea ocr_par ocr_line ocrx_word'/>
</head>
<body>
  <div class='ocr_page' id='page_1' title='image "./selectaemtcicer00caregoog_0318.png"; bbox 0 0 2959 4959; ppageno 0'>
   <div class='ocr_carea' id='block_1_1' title="bbox 92 299 1025 443">
    <p class='ocr_par' dir='ltr' id='par_1_1' title="bbox 92 299 1025 443">
     <span class='ocr_line' id='line_1_1' title="bbox 92 299 1025 443; baseline 0.001 -34"><span class='ocrx_word' id='word_1_1' title='bbox 92 299 201 412; x_wconf 66' lang='lat' dir='ltr'><strong>&#39;na</strong></span> <span class='ocrx_word' id='word_1_2' title='bbox 624 322 688 443; x_wconf 75' lang='lat' dir='ltr'><strong>&#39;in</strong></span> <span class='ocrx_word' id='word_1_3' title='bbox 709 344 934 414; x_wconf 79' lang='lat' dir='ltr'><strong>maonnn.</strong></span> <span class='ocrx_word' id='word_1_4' title='bbox 1019 314 1025 325; x_wconf 81' lang='grc'><em>’</em></span> 
     </span>
    </p>
   </div>
   <div class='ocr_carea' id='block_1_2' title="bbox 42 465 1452 3373">
    <p class='ocr_par' dir='ltr' id='par_1_2' title="bbox 42 465 1452 3373">
     <span class='ocr_line' id='line_1_2' title="bbox 194 465 1379 565; baseline -0.009 -21"><span class='ocrx_word' id='word_1_5' title='bbox 194 474 302 563; x_wconf 76' lang='lat' dir='ltr'><strong>potina</strong></span> <span class='ocrx_word' id='word_1_6' title='bbox 315 498 382 544; x_wconf 85' lang='lat' dir='ltr'><strong>esse</strong></span> <span class='ocrx_word' id='word_1_7' title='bbox 405 479 599 565; x_wconf 86' lang='lat' dir='ltr'><strong>conjunctus,</strong></span> <span class='ocrx_word' id='word_1_8' title='bbox 621 476 719 563; x_wconf 66' lang='lat' dir='ltr'><strong>quim</strong></span> <span class='ocrx_word' id='word_1_9' title='bbox 741 494 815 540; x_wconf 86' lang='lat' dir='ltr'><strong>cum</strong></span> <span class='ocrx_word' id='word_1_10' title='bbox 837 472 968 558; x_wconf 86' lang='lat' dir='ltr'><strong>probro,</strong></span> <span class='ocrx_word' id='word_1_11' title='bbox 989 484 1174 560; x_wconf 87' lang='lat' dir='ltr'><strong>putaretur:</strong></span> <span class='ocrx_word' id='word_1_12' title='bbox 1196 480 1291 556; x_wconf 90' lang='lat' dir='ltr'><strong>atque</strong></span> <span class='ocrx_word' id='word_1_13' title='bbox 1313 465 1379 533; x_wconf 88' lang='lat' dir='ltr'><strong>ilie</strong></span> 
     </span>
     <span class='ocr_line' id='line_1_3' title="bbox 196 555 1379 646; baseline -0.008 -19"><span class='ocrx_word' id='word_1_14' title='bbox 196 561 291 628; x_wconf 90' lang='lat' dir='ltr'><strong>dolor</strong></span> <span class='ocrx_word' id='word_1_15' title='bbox 310 584 399 629; x_wconf 86' lang='lat' dir='ltr'><strong>meus</strong></span> <span class='ocrx_word' id='word_1_16' title='bbox 412 564 576 636; x_wconf 75' lang='lat' dir='ltr'><strong>duntaxat,</strong></span> <span class='ocrx_word' id='word_1_17' title='bbox 599 573 736 626; x_wconf 84' lang='lat' dir='ltr'><strong>vestrum</strong></span> <span class='ocrx_word' id='word_1_18' title='bbox 753 558 883 646; x_wconf 89' lang='lat' dir='ltr'><strong>quidem</strong></span> <span class='ocrx_word' id='word_1_19' title='bbox 904 557 1006 623; x_wconf 83' lang='lat' dir='ltr'><strong>scelus</strong></span> <span class='ocrx_word' id='word_1_20' title='bbox 1020 580 1058 624; x_wconf 89' lang='lat' dir='ltr'><strong>ac</strong></span> <span class='ocrx_word' id='word_1_21' title='bbox 1071 557 1216 634; x_wconf 87' lang='lat' dir='ltr'><strong>dedecus,</strong></span> <span class='ocrx_word' id='word_1_22' title='bbox 1232 555 1379 637; x_wconf 59' lang='lat' dir='ltr'><strong>habere5</strong></span> 
     </span>
     <span class='ocr_line' id='line_1_4' title="bbox 198 639 1379 732; baseline -0.008 -20"><span class='ocrx_word' id='word_1_23' title='bbox 198 659 261 713; x_wconf 83' lang='lat' dir='ltr'><strong>tur.</strong></span> <span class='ocrx_word' id='word_1_24' title='bbox 307 648 392 714; x_wconf 79' lang='lat' dir='ltr'><strong>cum</strong></span> <span class='ocrx_word' id='word_1_25' title='bbox 406 647 482 713; x_wconf 74' lang='lat' dir='ltr'><strong>vero</strong></span> <span class='ocrx_word' id='word_1_26' title='bbox 498 647 640 731; x_wconf 79' lang='lat' dir='ltr'>(forsitan</span> <span class='ocrx_word' id='word_1_27' title='bbox 653 646 725 723; x_wconf 92' lang='lat' dir='ltr'><strong>hoc,</strong></span> <span class='ocrx_word' id='word_1_28' title='bbox 740 643 829 732; x_wconf 92' lang='lat' dir='ltr'><strong>quod</strong></span> <span class='ocrx_word' id='word_1_29' title='bbox 843 642 984 717; x_wconf 81' lang='lat' dir='ltr'><strong>dictutus</strong></span> <span class='ocrx_word' id='word_1_30' title='bbox 997 664 1079 721; x_wconf 86' lang='lat' dir='ltr'><strong>sum,</strong></span> <span class='ocrx_word' id='word_1_31' title='bbox 1095 641 1240 708; x_wconf 66' lang='lat' dir='ltr'><strong>mnabile</strong></span> <span class='ocrx_word' id='word_1_32' title='bbox 1253 639 1379 706; x_wconf 87' lang='lat' dir='ltr'><strong>auditu</strong></span> 
     </span>
     <span class='ocr_line' id='line_1_5' title="bbox 142 724 1381 815; baseline -0.006 -20"><span class='ocrx_word' id='word_1_33' title='bbox 142 734 187 795; x_wconf 73' lang='lat'><strong>20</strong></span> <span class='ocrx_word' id='word_1_34' title='bbox 199 754 267 799; x_wconf 84' lang='lat' dir='ltr'><strong>esse</strong></span> <span class='ocrx_word' id='word_1_35' title='bbox 280 734 441 809; x_wconf 80' lang='lat' dir='ltr'><strong>videatnr3</strong></span> <span class='ocrx_word' id='word_1_36' title='bbox 463 733 516 796; x_wconf 85' lang='lat' dir='ltr'><strong>sed</strong></span> <span class='ocrx_word' id='word_1_37' title='bbox 536 729 669 815; x_wconf 67' lang='lat' dir='ltr'><strong>certe-id</strong></span> <span class='ocrx_word' id='word_1_38' title='bbox 689 730 806 806; x_wconf 89' lang='lat' dir='ltr'><strong>dicam,</strong></span> <span class='ocrx_word' id='word_1_39' title='bbox 829 727 915 815; x_wconf 91' lang='lat' dir='ltr'><strong>quod</strong></span> <span class='ocrx_word' id='word_1_40' title='bbox 930 728 1043 806; x_wconf 85' lang='lat' dir='ltr'><strong>sentio)</strong></span> <span class='ocrx_word' id='word_1_41' title='bbox 1065 726 1139 793; x_wconf 75' lang='lat' dir='ltr'><strong>ciam</strong></span> <span class='ocrx_word' id='word_1_42' title='bbox 1163 728 1260 792; x_wconf 86' lang='lat' dir='ltr'><strong>tantis</strong></span> <span class='ocrx_word' id='word_1_43' title='bbox 1275 724 1381 788; x_wconf 15' lang='lat' dir='ltr'><strong>sevo-</strong></span> 
     </span>
     <span class='ocr_line' id='line_1_6' title="bbox 197 809 1380 898; baseline -0.011 -13"><span class='ocrx_word' id='word_1_44' title='bbox 197 818 259 898; x_wconf 91' lang='lat' dir='ltr'><strong>bis,</strong></span> <span class='ocrx_word' id='word_1_45' title='bbox 283 818 320 885; x_wconf 88' lang='lat' dir='ltr'><strong>P.</strong></span> <span class='ocrx_word' id='word_1_46' title='bbox 337 821 374 884; x_wconf 89' lang='lat' dir='ltr'><strong>C.</strong></span> <span class='ocrx_word' id='word_1_47' title='bbox 389 816 548 882; x_wconf 86' lang='lat' dir='ltr'><strong>beneficiis</strong></span> <span class='ocrx_word' id='word_1_48' title='bbox 565 816 694 881; x_wconf 87' lang='lat' dir='ltr'><strong>affectus</strong></span> <span class='ocrx_word' id='word_1_49' title='bbox 707 814 778 892; x_wconf 87' lang='lat' dir='ltr'><strong>aim,</strong></span> <span class='ocrx_word' id='word_1_50' title='bbox 800 812 896 879; x_wconf 90' lang='lat' dir='ltr'><strong>tantis</strong></span> <span class='ocrx_word' id='word_1_51' title='bbox 914 811 1111 890; x_wconf 82' lang='lat' dir='ltr'><strong>honoribus3</strong></span> <span class='ocrx_word' id='word_1_52' title='bbox 1132 834 1199 877; x_wconf 92' lang='lat' dir='ltr'><strong>non</strong></span> <span class='ocrx_word' id='word_1_53' title='bbox 1214 810 1321 876; x_wconf 74' lang='lat' dir='ltr'><strong>modo</strong></span> <span class='ocrx_word' id='word_1_54' title='bbox 1337 809 1380 872; x_wconf 91' lang='lat' dir='ltr'><strong>il·</strong></span> 
     </span>
     <span class='ocr_line' id='line_1_7' title="bbox 198 894 1381 987; baseline -0.007 -18"><span class='ocrx_word' id='word_1_55' title='bbox 198 902 265 971; x_wconf 85' lang='lat' dir='ltr'><strong>lam</strong></span> <span class='ocrx_word' id='word_1_56' title='bbox 279 903 484 987; x_wconf 75' lang='lat' dir='ltr'><strong>calamitatem</strong></span> <span class='ocrx_word' id='word_1_57' title='bbox 499 923 566 983; x_wconf 85' lang='lat' dir='ltr'><strong>esse</strong></span> <span class='ocrx_word' id='word_1_58' title='bbox 578 923 644 966; x_wconf 92' lang='lat' dir='ltr'><strong>non</strong></span> <span class='ocrx_word' id='word_1_59' title='bbox 658 900 759 985; x_wconf 82' lang='lat' dir='ltr'><strong>duc03</strong></span> <span class='ocrx_word' id='word_1_60' title='bbox 781 899 846 976; x_wconf 88' lang='lat' dir='ltr'><strong>sed,</strong></span> <span class='ocrx_word' id='word_1_61' title='bbox 862 898 888 962; x_wconf 90' lang='lat' dir='ltr'><strong>si</strong></span> <span class='ocrx_word' id='word_1_62' title='bbox 902 896 977 984; x_wconf 91' lang='lat' dir='ltr'><strong>quid</strong></span> <span class='ocrx_word' id='word_1_63' title='bbox 990 896 1068 961; x_wconf 80' lang='lat' dir='ltr'><strong>milri</strong></span> <span class='ocrx_word' id='word_1_64' title='bbox 1081 909 1187 982; x_wconf 89' lang='lat' dir='ltr'><strong>potest</strong></span> <span class='ocrx_word' id='word_1_65' title='bbox 1200 894 1221 960; x_wconf 73' lang='lat' dir='ltr'><strong>d</strong></span> <span class='ocrx_word' id='word_1_66' title='bbox 1238 895 1381 983; x_wconf 83' lang='lat' dir='ltr'><strong>Repub.</strong></span> 
     </span>
     <span class='ocr_line' id='line_1_8' title="bbox 182 981 1380 1072; baseline -0.008 -17"><span class='ocrx_word' id='word_1_67' title='bbox 182 1010 184 1017; x_wconf 83' lang='grc'><strong>’</strong></span> <span class='ocrx_word' id='word_1_68' title='bbox 199 1010 267 1054; x_wconf 90' lang='lat' dir='ltr'><strong>esse</strong></span> <span class='ocrx_word' id='word_1_69' title='bbox 276 989 445 1072; x_wconf 88' lang='lat' dir='ltr'><strong>sejunctum</strong></span> <span class='ocrx_word' id='word_1_70' title='bbox 459 986 559 1072; x_wconf 89' lang='lat' dir='ltr'><strong>(quod</strong></span> <span class='ocrx_word' id='word_1_71' title='bbox 568 987 622 1050; x_wconf 84' lang='lat' dir='ltr'><strong>vix</strong></span> <span class='ocrx_word' id='word_1_72' title='bbox 674 985 767 1069; x_wconf 60' lang='lat' dir='ltr'><strong>test),</strong></span> <span class='ocrx_word' id='word_1_73' title='bbox 777 983 935 1069; x_wconf 85' lang='lat' dir='ltr'><strong>privatim,</strong></span> <span class='ocrx_word' id='word_1_74' title='bbox 947 981 986 1047; x_wconf 87' lang='lat' dir='ltr'><strong>sd</strong></span> <span class='ocrx_word' id='word_1_75' title='bbox 997 1003 1103 1047; x_wconf 88' lang='lat' dir='ltr'><strong>meum</strong></span> <span class='ocrx_word' id='word_1_76' title='bbox 1114 1004 1232 1046; x_wconf 86' lang='lat' dir='ltr'><strong>namen</strong></span> <span class='ocrx_word' id='word_1_77' title='bbox 1243 1004 1380 1069; x_wconf 85' lang='lat' dir='ltr'><strong>augen-</strong></span> 
     </span>
     <span class='ocr_line' id='line_1_9' title="bbox 199 1066 1382 1157; baseline -0.008 -18"><span class='ocrx_word' id='word_1_78' title='bbox 199 1075 286 1149; x_wconf 90' lang='lat' dir='ltr'><strong>dum,</strong></span> <span class='ocrx_word' id='word_1_79' title='bbox 308 1069 478 1157; x_wconf 89' lang='lat' dir='ltr'><strong>optandam</strong></span> <span class='ocrx_word' id='word_1_80' title='bbox 492 1071 578 1136; x_wconf 91' lang='lat' dir='ltr'><strong>duco</strong></span> <span class='ocrx_word' id='word_1_81' title='bbox 591 1074 635 1142; x_wconf 90' lang='lat' dir='ltr'><strong>mi</strong></span> <span class='ocrx_word' id='word_1_82' title='bbox 660 1073 670 1135; x_wconf 94' lang='lat' dir='ltr'><strong>i</strong></span> <span class='ocrx_word' id='word_1_83' title='bbox 692 1071 790 1136; x_wconf 83' lang='lat' dir='ltr'><strong>fuisse</strong></span> <span class='ocrx_word' id='word_1_84' title='bbox 802 1069 889 1134; x_wconf 88' lang='lat' dir='ltr'><strong>illam</strong></span> <span class='ocrx_word' id='word_1_85' title='bbox 907 1066 1178 1155; x_wconf 80' lang='lat' dir='ltr'><strong>expetendamque</strong></span> <span class='ocrx_word' id='word_1_86' title='bbox 1192 1066 1382 1132; x_wconf 81' lang='lat' dir='ltr'><strong>fortunam.</strong></span> 
     </span>
     <span class='ocr_line' id='line_1_10' title="bbox 42 1152 1383 1243; baseline -0.001 -24"><span class='ocrx_word' id='word_1_87' title='bbox 42 1188 46 1195; x_wconf 43' lang='lat'>¹</span> <span class='ocrx_word' id='word_1_88' title='bbox 140 1161 188 1222; x_wconf 71' lang='lat'><strong>25</strong></span> <span class='ocrx_word' id='word_1_89' title='bbox 200 1160 316 1243; x_wconf 78' lang='lat' dir='ltr'><strong>Atque,</strong></span> <span class='ocrx_word' id='word_1_90' title='bbox 340 1172 375 1220; x_wconf 92' lang='lat' dir='ltr'><strong>ut</strong></span> <span class='ocrx_word' id='word_1_91' title='bbox 389 1168 479 1220; x_wconf 90' lang='lat' dir='ltr'><strong>tuum</strong></span> <span class='ocrx_word' id='word_1_92' title='bbox 498 1156 693 1222; x_wconf 73' lang='lat' dir='ltr'><strong>laetissimum</strong></span> <span class='ocrx_word' id='word_1_93' title='bbox 714 1157 799 1222; x_wconf 84' lang='lat' dir='ltr'><strong>diens</strong></span> <span class='ocrx_word' id='word_1_94' title='bbox 814 1177 885 1219; x_wconf 90' lang='lat' dir='ltr'><strong>cum</strong></span> <span class='ocrx_word' id='word_1_95' title='bbox 902 1153 1078 1220; x_wconf 77' lang='lat' dir='ltr'><strong>tristissimo</strong></span> <span class='ocrx_word' id='word_1_96' title='bbox 1090 1173 1163 1216; x_wconf 89' lang='lat' dir='ltr'><strong>meo</strong></span> <span class='ocrx_word' id='word_1_97' title='bbox 1188 1152 1383 1229; x_wconf 83' lang='lat' dir='ltr'><strong>conferam,</strong></span> 
     </span>
     <span class='ocr_line' id='line_1_11' title="bbox 181 1234 1381 1327; baseline -0.006 -19"><span class='ocrx_word' id='word_1_98' title='bbox 181 1254 304 1308; x_wconf 76' lang='lat' dir='ltr'><strong>utrum</strong></span> <span class='ocrx_word' id='word_1_99' title='bbox 319 1241 447 1306; x_wconf 88' lang='lat' dir='ltr'><strong>tandem</strong></span> <span class='ocrx_word' id='word_1_100' title='bbox 470 1243 557 1306; x_wconf 83' lang='lat' dir='ltr'><strong>bosso</strong></span> <span class='ocrx_word' id='word_1_101' title='bbox 571 1242 640 1311; x_wconf 84' lang='lat' dir='ltr'><strong>riro</strong></span> <span class='ocrx_word' id='word_1_102' title='bbox 662 1255 694 1308; x_wconf 89' lang='lat' dir='ltr'><strong>et</strong></span> <span class='ocrx_word' id='word_1_103' title='bbox 707 1242 840 1326; x_wconf 86' lang='lat' dir='ltr'><strong>sapienti</strong></span> <span class='ocrx_word' id='word_1_104' title='bbox 864 1239 1033 1327; x_wconf 71' lang='lat' dir='ltr'><strong>optabilius</strong></span> <span class='ocrx_word' id='word_1_105' title='bbox 1055 1250 1155 1325; x_wconf 85' lang='lat' dir='ltr'><strong>putas,</strong></span> <span class='ocrx_word' id='word_1_106' title='bbox 1177 1236 1222 1300; x_wconf 88' lang='lat' dir='ltr'><strong>sio</strong></span> <span class='ocrx_word' id='word_1_107' title='bbox 1236 1238 1341 1301; x_wconf 85' lang='lat' dir='ltr'><strong>exire</strong></span> <span class='ocrx_word' id='word_1_108' title='bbox 1359 1234 1381 1301; x_wconf 74' lang='grc' dir='ltr'>ὲ</span> 
     </span>
     <span class='ocr_line' id='line_1_12' title="bbox 195 1321 1385 1412; baseline -0.003 -25"><span class='ocrx_word' id='word_1_109' title='bbox 195 1325 310 1412; x_wconf 73' lang='lat' dir='ltr'><strong>patrii,</strong></span> <span class='ocrx_word' id='word_1_110' title='bbox 332 1342 369 1391; x_wconf 92' lang='lat' dir='ltr'><strong>ut</strong></span> <span class='ocrx_word' id='word_1_111' title='bbox 391 1349 502 1392; x_wconf 77' lang='lat' dir='ltr'><strong>ornnes</strong></span> <span class='ocrx_word' id='word_1_112' title='bbox 516 1329 565 1393; x_wconf 88' lang='lat' dir='ltr'><strong>sui</strong></span> <span class='ocrx_word' id='word_1_113' title='bbox 589 1327 828 1401; x_wconf 85' lang='lat' dir='ltr'><strong>civessalutem,</strong></span> <span class='ocrx_word' id='word_1_114' title='bbox 849 1324 1106 1401; x_wconf 84' lang='lat' dir='ltr'><strong>incolumitatem,</strong></span> <span class='ocrx_word' id='word_1_115' title='bbox 1128 1321 1263 1386; x_wconf 87' lang='lat' dir='ltr'><strong>reditum</strong></span> <span class='ocrx_word' id='word_1_116' title='bbox 1290 1343 1385 1406; x_wconf 84' lang='lat' dir='ltr'><strong>pre·</strong></span> 
     </span>
     <span class='ocr_line' id='line_1_13' title="bbox 177 1407 1384 1499; baseline -0.002 -24"><span class='ocrx_word' id='word_1_117' title='bbox 177 1423 319 1490; x_wconf 81' lang='lat' dir='ltr'><strong>centur,</strong></span> <span class='ocrx_word' id='word_1_118' title='bbox 342 1411 428 1499; x_wconf 85' lang='lat' dir='ltr'><strong>quod</strong></span> <span class='ocrx_word' id='word_1_119' title='bbox 443 1413 521 1477; x_wconf 88' lang='lat' dir='ltr'><strong>mihi</strong></span> <span class='ocrx_word' id='word_1_120' title='bbox 545 1412 679 1489; x_wconf 88' lang='lat' dir='ltr'><strong>accidit;</strong></span> <span class='ocrx_word' id='word_1_121' title='bbox 701 1414 762 1489; x_wconf 82' lang='lat' dir='ltr'><strong>an,</strong></span> <span class='ocrx_word' id='word_1_122' title='bbox 776 1410 862 1498; x_wconf 90' lang='lat' dir='ltr'><strong>quod</strong></span> <span class='ocrx_word' id='word_1_123' title='bbox 882 1410 940 1474; x_wconf 87' lang='lat' dir='ltr'><strong>tibi</strong></span> <span class='ocrx_word' id='word_1_124' title='bbox 955 1408 1166 1496; x_wconf 80' lang='lat' dir='ltr'><strong>proficiscenti</strong></span> <span class='ocrx_word' id='word_1_125' title='bbox 1187 1407 1305 1483; x_wconf 83' lang='lat' dir='ltr'><strong>evenit,</strong></span> <span class='ocrx_word' id='word_1_126' title='bbox 1334 1420 1384 1472; x_wconf 88' lang='lat' dir='ltr'><strong>ut</strong></span> 
     </span>
     <span class='ocr_line' id='line_1_14' title="bbox 177 1492 1385 1574; baseline 0.001 -15"><span class='ocrx_word' id='word_1_127' title='bbox 177 1517 308 1574; x_wconf 82' lang='lat' dir='ltr'><strong>·omnes</strong></span> <span class='ocrx_word' id='word_1_128' title='bbox 334 1512 584 1574; x_wconf 77' lang='lat' dir='ltr'><strong>exsecrarentur,</strong></span> <span class='ocrx_word' id='word_1_129' title='bbox 606 1496 690 1562; x_wconf 69' lang='lat' dir='ltr'><strong>male</strong></span> <span class='ocrx_word' id='word_1_130' title='bbox 728 1508 919 1574; x_wconf 87' lang='lat' dir='ltr'><strong>recarentur,</strong></span> <span class='ocrx_word' id='word_1_131' title='bbox 942 1516 1038 1559; x_wconf 83' lang='lat' dir='ltr'><strong>unam</strong></span> <span class='ocrx_word' id='word_1_132' title='bbox 1053 1493 1111 1558; x_wconf 90' lang='lat' dir='ltr'><strong>tibi</strong></span> <span class='ocrx_word' id='word_1_133' title='bbox 1124 1492 1210 1556; x_wconf 88' lang='lat' dir='ltr'><strong>iilum</strong></span> <span class='ocrx_word' id='word_1_134' title='bbox 1223 1493 1315 1555; x_wconf 87' lang='lat' dir='ltr'><strong>viem</strong></span> <span class='ocrx_word' id='word_1_135' title='bbox 1342 1506 1385 1560; x_wconf 84' lang='lat' dir='ltr'><strong>et</strong></span> 
     </span>
     <span class='ocr_line' id='line_1_15' title="bbox 142 1520 1378 1668; baseline -0.003 -23"><span class='ocrx_word' id='word_1_136' title='bbox 142 1586 187 1646; x_wconf 70' lang='grc'><strong>30</strong></span> <span class='ocrx_word' id='word_1_137' title='bbox 197 1596 383 1668; x_wconf 86' lang='lat' dir='ltr'><strong>perpetuam</strong></span> <span class='ocrx_word' id='word_1_138' title='bbox 406 1606 474 1647; x_wconf 88' lang='lat' dir='ltr'><strong>esse</strong></span> <span class='ocrx_word' id='word_1_139' title='bbox 491 1582 633 1659; x_wconf 78' lang='lat' dir='ltr'><strong>vellent?</strong></span> <span class='ocrx_word' id='word_1_140' title='bbox 676 1520 772 1660; x_wconf 67' lang='lat' dir='ltr'><strong>ndei,</strong></span> <span class='ocrx_word' id='word_1_141' title='bbox 796 1578 1039 1668; x_wconf 86' lang='lat' dir='ltr'><strong>(mediusfidius)</strong></span> <span class='ocrx_word' id='word_1_142' title='bbox 1061 1579 1094 1641; x_wconf 87' lang='lat' dir='ltr'><strong>in</strong></span> <span class='ocrx_word' id='word_1_143' title='bbox 1113 1590 1204 1643; x_wconf 87' lang='lat' dir='ltr'><strong>tanto</strong></span> <span class='ocrx_word' id='word_1_144' title='bbox 1218 1577 1378 1641; x_wconf 87' lang='lat' dir='ltr'><strong>omnium</strong></span> 
     </span>
     <span class='ocr_line' id='line_1_16' title="bbox 178 1660 1376 1755; baseline -0.005 -24"><span class='ocrx_word' id='word_1_145' title='bbox 178 1667 381 1733; x_wconf 50' lang='lat' dir='ltr'><strong>*monalium</strong></span> <span class='ocrx_word' id='word_1_146' title='bbox 402 1669 489 1747; x_wconf 91' lang='lat' dir='ltr'><strong>odio,</strong></span> <span class='ocrx_word' id='word_1_147' title='bbox 511 1671 600 1755; x_wconf 89' lang='lat' dir='ltr'><strong>justo</strong></span> <span class='ocrx_word' id='word_1_148' title='bbox 625 1669 800 1754; x_wconf 84' lang='lat' dir='ltr'><strong>praesertim</strong></span> <span class='ocrx_word' id='word_1_149' title='bbox 824 1681 857 1732; x_wconf 86' lang='lat' dir='ltr'><strong>et</strong></span> <span class='ocrx_word' id='word_1_150' title='bbox 875 1665 993 1743; x_wconf 90' lang='lat' dir='ltr'><strong>debito,</strong></span> <span class='ocrx_word' id='word_1_151' title='bbox 1016 1664 1135 1752; x_wconf 79' lang='lat' dir='ltr'><strong>quasvis</strong></span> <span class='ocrx_word' id='word_1_152' title='bbox 1157 1664 1243 1749; x_wconf 83' lang='lat' dir='ltr'><strong>fuga,</strong></span> <span class='ocrx_word' id='word_1_153' title='bbox 1265 1660 1376 1749; x_wconf 70' lang='lat' dir='ltr'><strong>quam</strong></span> 
     </span>
     <span class='ocr_line' id='line_1_17' title="bbox 179 1747 1374 1852; baseline -0.004 -35"><span class='ocrx_word' id='word_1_154' title='bbox 179 1750 264 1817; x_wconf 73' lang='lat' dir='ltr'><strong>nlla</strong></span> <span class='ocrx_word' id='word_1_155' title='bbox 287 1754 460 1839; x_wconf 85' lang='lat' dir='ltr'><strong>provincia,</strong></span> <span class='ocrx_word' id='word_1_156' title='bbox 484 1767 565 1837; x_wconf 78' lang='lat' dir='ltr'><strong>esset</strong></span> <span class='ocrx_word' id='word_1_157' title='bbox 585 1755 733 1840; x_wconf 83' lang='lat' dir='ltr'><strong>optatior.</strong></span> <span class='ocrx_word' id='word_1_158' title='bbox 778 1752 852 1820; x_wconf 82' lang='lat' dir='ltr'><strong>Sed·</strong></span> <span class='ocrx_word' id='word_1_159' title='bbox 867 1773 964 1852; x_wconf 75' lang='lat' dir='ltr'><strong>perge</strong></span> <span class='ocrx_word' id='word_1_160' title='bbox 982 1748 1102 1850; x_wconf 72' lang='lat' dir='ltr'><strong>porros</strong></span> <span class='ocrx_word' id='word_1_161' title='bbox 1122 1770 1209 1825; x_wconf 89' lang='lat' dir='ltr'><strong>narn,</strong></span> <span class='ocrx_word' id='word_1_162' title='bbox 1235 1748 1261 1810; x_wconf 89' lang='lat' dir='ltr'><strong>si</strong></span> <span class='ocrx_word' id='word_1_163' title='bbox 1286 1747 1374 1812; x_wconf 92' lang='lat' dir='ltr'><strong>illud</strong></span> 
     </span>
     <span class='ocr_line' id='line_1_18' title="bbox 84 1832 1376 1926; baseline -0.004 -24"><span class='ocrx_word' id='word_1_164' title='bbox 84 1866 87 1873; x_wconf 59' lang='grc'>’</span> <span class='ocrx_word' id='word_1_165' title='bbox 197 1858 305 1902; x_wconf 89' lang='lat' dir='ltr'><strong>meum</strong></span> <span class='ocrx_word' id='word_1_166' title='bbox 332 1840 635 1905; x_wconf 86' lang='lat' dir='ltr'><strong>turbulentissimum</strong></span> <span class='ocrx_word' id='word_1_167' title='bbox 658 1854 782 1926; x_wconf 89' lang='lat' dir='ltr'><strong>tempus</strong></span> <span class='ocrx_word' id='word_1_168' title='bbox 802 1839 1006 1924; x_wconf 79' lang='lat' dir='ltr'><strong>profectionis</strong></span> <span class='ocrx_word' id='word_1_169' title='bbox 1026 1849 1083 1901; x_wconf 89' lang='lat' dir='ltr'><strong>tuo</strong></span> <span class='ocrx_word' id='word_1_170' title='bbox 1105 1832 1376 1921; x_wconf 85' lang='lat' dir='ltr'><strong>tranquillissimo</strong></span> 
     </span>
     <span class='ocr_line' id='line_1_19' title="bbox 198 1919 1452 2012; baseline -0.003 -27"><span class='ocrx_word' id='word_1_171' title='bbox 198 1937 341 2009; x_wconf 82' lang='lat' dir='ltr'><strong>praestat,</strong></span> <span class='ocrx_word' id='word_1_172' title='bbox 365 1926 450 2012; x_wconf 91' lang='lat' dir='ltr'><strong>quid·</strong></span> <span class='ocrx_word' id='word_1_173' title='bbox 464 1925 624 1991; x_wconf 83' lang='lat' dir='ltr'><strong>conferam</strong></span> <span class='ocrx_word' id='word_1_174' title='bbox 648 1925 787 2012; x_wconf 74' lang='lat' dir='ltr'><strong>reliqua,</strong></span> <span class='ocrx_word' id='word_1_175' title='bbox 802 1947 876 2011; x_wconf 83' lang='lat' dir='ltr'><strong>quoe</strong></span> <span class='ocrx_word' id='word_1_176' title='bbox 893 1924 927 1987; x_wconf 91' lang='lat' dir='ltr'><strong>in</strong></span> <span class='ocrx_word' id='word_1_177' title='bbox 949 1939 980 2007; x_wconf 76' lang='lat' dir='ltr'><strong>te</strong></span> <span class='ocrx_word' id='word_1_178' title='bbox 1000 1921 1164 1987; x_wconf 84' lang='lat' dir='ltr'><strong>dedecoris</strong></span> <span class='ocrx_word' id='word_1_179' title='bbox 1182 1919 1276 2005; x_wconf 88' lang='lat' dir='ltr'><strong>plena</strong></span> <span class='ocrx_word' id='word_1_180' title='bbox 1301 1919 1377 1983; x_wconf 83' lang='lat' dir='ltr'><strong>fae·</strong></span> <span class='ocrx_word' id='word_1_181' title='bbox 1451 1930 1452 1961; x_wconf 48' lang='lat' dir='ltr'><strong>l</strong></span> 
     </span>
     <span class='ocr_line' id='line_1_20' title="bbox 142 2004 1373 2098; baseline -0.003 -26"><span class='ocrx_word' id='word_1_182' title='bbox 142 2014 187 2076; x_wconf 77' lang='lat'><strong>85</strong></span> <span class='ocrx_word' id='word_1_183' title='bbox 199 2024 285 2088; x_wconf 89' lang='lat' dir='ltr'><strong>runt,</strong></span> <span class='ocrx_word' id='word_1_184' title='bbox 307 2013 342 2075; x_wconf 92' lang='lat' dir='ltr'><strong>in</strong></span> <span class='ocrx_word' id='word_1_185' title='bbox 356 2006 409 2076; x_wconf 82' lang='lat' dir='ltr'><strong>ine</strong></span> <span class='ocrx_word' id='word_1_186' title='bbox 423 2010 612 2098; x_wconf 80' lang='lat' dir='ltr'><strong>dignitatis?</strong></span> <span class='ocrx_word' id='word_1_187' title='bbox 656 2011 715 2075; x_wconf 90' lang='lat' dir='ltr'><strong>Me</strong></span> <span class='ocrx_word' id='word_1_188' title='bbox 731 2009 881 2075; x_wconf 81' lang='lat' dir='ltr'><strong>Calendis</strong></span> <span class='ocrx_word' id='word_1_189' title='bbox 894 2009 1027 2074; x_wconf 84' lang='lat' dir='ltr'><strong>lanuar.</strong></span> <span class='ocrx_word' id='word_1_190' title='bbox 1042 2006 1096 2094; x_wconf 89' lang='lat' dir='ltr'><strong>qni</strong></span> <span class='ocrx_word' id='word_1_191' title='bbox 1110 2005 1187 2083; x_wconf 91' lang='lat' dir='ltr'><strong>dies,</strong></span> <span class='ocrx_word' id='word_1_192' title='bbox 1206 2016 1281 2091; x_wconf 79' lang='lat' dir='ltr'><strong>poet</strong></span> <span class='ocrx_word' id='word_1_193' title='bbox 1296 2004 1373 2069; x_wconf 86' lang='lat' dir='ltr'><strong>obi·</strong></span> 
     </span>
     <span class='ocr_line' id='line_1_21' title="bbox 137 2089 1373 2184; baseline -0.003 -26"><span class='ocrx_word' id='word_1_194' title='bbox 137 2096 143 2103; x_wconf 84' lang='lat'>&#39;</span> <span class='ocrx_word' id='word_1_195' title='bbox 179 2104 278 2158; x_wconf 66' lang='lat' dir='ltr'><strong>&#39;tum‘</strong></span> <span class='ocrx_word' id='word_1_196' title='bbox 292 2089 500 2184; x_wconf 78' lang='lat' dir='ltr'><strong>occasumque</strong></span> <span class='ocrx_word' id='word_1_197' title='bbox 523 2108 677 2174; x_wconf 91' lang='lat' dir='ltr'><strong>nostrum,</strong></span> <span class='ocrx_word' id='word_1_198' title='bbox 710 2093 892 2180; x_wconf 75' lang='lat' dir='ltr'><strong>reipublice</strong></span> <span class='ocrx_word' id='word_1_199' title='bbox 920 2093 1042 2179; x_wconf 89' lang='lat' dir='ltr'><strong>primus</strong></span> <span class='ocrx_word' id='word_1_200' title='bbox 1069 2091 1186 2169; x_wconf 84' lang='lat' dir='ltr'><strong>illuxit,</strong></span> <span class='ocrx_word' id='word_1_201' title='bbox 1215 2089 1373 2176; x_wconf 86' lang='lat' dir='ltr'><strong>frequen·</strong></span> 
     </span>
     <span class='ocr_line' id='line_1_22' title="bbox 197 2175 1368 2262; baseline -0.003 -21"><span class='ocrx_word' id='word_1_202' title='bbox 197 2179 336 2244; x_wconf 85' lang='lat' dir='ltr'><strong>tissimus</strong></span> <span class='ocrx_word' id='word_1_203' title='bbox 355 2194 490 2255; x_wconf 87' lang='lat' dir='ltr'><strong>senatus,</strong></span> <span class='ocrx_word' id='word_1_204' title='bbox 512 2202 668 2245; x_wconf 91' lang='lat' dir='ltr'><strong>concursu</strong></span> <span class='ocrx_word' id='word_1_205' title='bbox 684 2180 795 2258; x_wconf 85' lang='lat' dir='ltr'><strong>ltaliae,</strong></span> <span class='ocrx_word' id='word_1_206' title='bbox 818 2178 973 2243; x_wconf 84' lang='lat' dir='ltr'><strong>referente</strong></span> <span class='ocrx_word' id='word_1_207' title='bbox 993 2177 1167 2242; x_wconf 89' lang='lat' dir='ltr'><strong>clarissimo</strong></span> <span class='ocrx_word' id='word_1_208' title='bbox 1188 2188 1282 2262; x_wconf 86' lang='lat' dir='ltr'><strong>atque</strong></span> <span class='ocrx_word' id='word_1_209' title='bbox 1299 2175 1368 2239; x_wconf 80' lang='lat' dir='ltr'><strong>for·</strong></span> 
     </span>
     <span class='ocr_line' id='line_1_23' title="bbox 196 2258 1395 2350; baseline -0.002 -25"><span class='ocrx_word' id='word_1_210' title='bbox 196 2262 318 2327; x_wconf 88' lang='lat' dir='ltr'><strong>tissimo</strong></span> <span class='ocrx_word' id='word_1_211' title='bbox 332 2264 401 2328; x_wconf 81' lang='lat' dir='ltr'><strong>viro</strong></span> <span class='ocrx_word' id='word_1_212' title='bbox 417 2266 455 2330; x_wconf 87' lang='lat' dir='ltr'><strong>P.</strong></span> <span class='ocrx_word' id='word_1_213' title='bbox 470 2264 618 2342; x_wconf 89' lang='lat' dir='ltr'><strong>Lentulo,</strong></span> <span class='ocrx_word' id='word_1_214' title='bbox 640 2267 854 2331; x_wconf 88' lang='lat' dir='ltr'><strong>consentiente</strong></span> <span class='ocrx_word' id='word_1_215' title='bbox 868 2263 989 2350; x_wconf 83' lang='lat' dir='ltr'><strong>populo</strong></span> <span class='ocrx_word' id='word_1_216' title='bbox 1005 2263 1165 2340; x_wconf 87' lang='lat' dir='ltr'><strong>Romano,</strong></span> <span class='ocrx_word' id='word_1_217' title='bbox 1186 2274 1280 2346; x_wconf 85' lang='lat' dir='ltr'><strong>atque</strong></span> <span class='ocrx_word' id='word_1_218' title='bbox 1296 2258 1370 2324; x_wconf 70' lang='lat' dir='ltr'><strong>unis</strong></span> <span class='ocrx_word' id='word_1_219' title='bbox 1393 2258 1395 2263; x_wconf 49' lang='lat'><strong>⁴</strong></span> 
     </span>
     <span class='ocr_line' id='line_1_24' title="bbox 195 2345 1367 2431; baseline -0.003 -20"><span class='ocrx_word' id='word_1_220' title='bbox 195 2365 284 2425; x_wconf 82' lang='lat' dir='ltr'><strong>voce,</strong></span> <span class='ocrx_word' id='word_1_221' title='bbox 300 2350 466 2415; x_wconf 79' lang='lat' dir='ltr'><strong>revocavit.</strong></span> <span class='ocrx_word' id='word_1_222' title='bbox 513 2349 584 2414; x_wconf 75' lang='lat' dir='ltr'><strong>Me</strong></span> <span class='ocrx_word' id='word_1_223' title='bbox 591 2351 675 2415; x_wconf 86' lang='lat' dir='ltr'><strong>idem</strong></span> <span class='ocrx_word' id='word_1_224' title='bbox 689 2366 815 2416; x_wconf 80' lang='lat' dir='ltr'><strong>senaim</strong></span> <span class='ocrx_word' id='word_1_225' title='bbox 833 2349 950 2414; x_wconf 83' lang='lat' dir='ltr'><strong>exteris</strong></span> <span class='ocrx_word' id='word_1_226' title='bbox 970 2348 1162 2426; x_wconf 86' lang='lat' dir='ltr'><strong>nationibus,</strong></span> <span class='ocrx_word' id='word_1_227' title='bbox 1185 2368 1234 2411; x_wconf 86' lang='lat' dir='ltr'><strong>me</strong></span> <span class='ocrx_word' id='word_1_228' title='bbox 1248 2345 1367 2431; x_wconf 81' lang='lat' dir='ltr'><strong>legatis</strong></span> 
     </span>
     <span class='ocr_line' id='line_1_25' title="bbox 82 2429 1365 2523; baseline -0.002 -26"><span class='ocrx_word' id='word_1_229' title='bbox 82 2452 91 2465; x_wconf 61' lang='lat'>⁸</span> <span class='ocrx_word' id='word_1_230' title='bbox 140 2432 492 2523; x_wconf 68' lang='lat' dir='ltr'><strong>iomagistratibuique</strong></span> <span class='ocrx_word' id='word_1_231' title='bbox 526 2436 652 2515; x_wconf 90' lang='lat' dir='ltr'><strong>nostris,</strong></span> <span class='ocrx_word' id='word_1_232' title='bbox 685 2438 873 2501; x_wconf 88' lang='lat' dir='ltr'><strong>auctoritate</strong></span> <span class='ocrx_word' id='word_1_233' title='bbox 899 2432 967 2514; x_wconf 74' lang='lat' dir='ltr'><strong>suls,</strong></span> <span class='ocrx_word' id='word_1_234' title='bbox 1004 2433 1220 2501; x_wconf 87' lang='lat' dir='ltr'><strong>consularibus</strong></span> <span class='ocrx_word' id='word_1_235' title='bbox 1250 2429 1365 2509; x_wconf 84' lang='lat' dir='ltr'><strong>literis,</strong></span> 
     </span>
     <span class='ocr_line' id='line_1_26' title="bbox 194 2517 1365 2607; baseline 0 -27"><span class='ocrx_word' id='word_1_236' title='bbox 194 2536 262 2581; x_wconf 91' lang='lat' dir='ltr'><strong>nou</strong></span> <span class='ocrx_word' id='word_1_237' title='bbox 283 2523 334 2603; x_wconf 89' lang='lat' dir='ltr'><strong>(ut</strong></span> <span class='ocrx_word' id='word_1_238' title='bbox 347 2533 382 2585; x_wconf 90' lang='lat' dir='ltr'><strong>tu</strong></span> <span class='ocrx_word' id='word_1_239' title='bbox 407 2521 536 2607; x_wconf 89' lang='lat' dir='ltr'><strong>insuper</strong></span> <span class='ocrx_word' id='word_1_240' title='bbox 548 2520 654 2586; x_wconf 88' lang='lat' dir='ltr'><strong>dicere</strong></span> <span class='ocrx_word' id='word_1_241' title='bbox 676 2545 769 2588; x_wconf 88' lang='lat' dir='ltr'><strong>ausus</strong></span> <span class='ocrx_word' id='word_1_242' title='bbox 790 2521 836 2602; x_wconf 88' lang='lat' dir='ltr'><strong>es)</strong></span> <span class='ocrx_word' id='word_1_243' title='bbox 858 2523 1006 2586; x_wconf 86' lang='lat' dir='ltr'><strong>orbatum</strong></span> <span class='ocrx_word' id='word_1_244' title='bbox 1026 2519 1140 2607; x_wconf 68' lang='lat' dir='ltr'><strong>patrii,</strong></span> <span class='ocrx_word' id='word_1_245' title='bbox 1163 2517 1217 2583; x_wconf 89' lang='lat' dir='ltr'><strong>sed</strong></span> <span class='ocrx_word' id='word_1_246' title='bbox 1240 2525 1290 2603; x_wconf 93' lang='lat' dir='ltr'><strong>(ut</strong></span> <span class='ocrx_word' id='word_1_247' title='bbox 1316 2539 1365 2581; x_wconf 85' lang='lat' dir='ltr'><strong>se·</strong></span> 
     </span>
     <span class='ocr_line' id='line_1_27' title="bbox 194 2603 1365 2695; baseline 0.002 -30"><span class='ocrx_word' id='word_1_248' title='bbox 194 2615 289 2667; x_wconf 90' lang='lat' dir='ltr'><strong>natus</strong></span> <span class='ocrx_word' id='word_1_249' title='bbox 313 2603 370 2670; x_wconf 92' lang='lat' dir='ltr'><strong>ilio</strong></span> <span class='ocrx_word' id='word_1_250' title='bbox 391 2607 461 2692; x_wconf 90' lang='lat' dir='ltr'><strong>ipso</strong></span> <span class='ocrx_word' id='word_1_251' title='bbox 482 2621 625 2693; x_wconf 90' lang='lat' dir='ltr'><strong>tempore</strong></span> <span class='ocrx_word' id='word_1_252' title='bbox 649 2607 833 2694; x_wconf 81' lang='lat' dir='ltr'><strong>appellavit)</strong></span> <span class='ocrx_word' id='word_1_253' title='bbox 855 2607 956 2671; x_wconf 85' lang='lat' dir='ltr'><strong>civem</strong></span> <span class='ocrx_word' id='word_1_254' title='bbox 980 2617 1231 2695; x_wconf 77' lang='lat' dir='ltr'><strong>conservatorem</strong></span> <span class='ocrx_word' id='word_1_255' title='bbox 1255 2603 1365 2688; x_wconf 87' lang='lat' dir='ltr'><strong>reipu-</strong></span> 
     </span>
     <span class='ocr_line' id='line_1_28' title="bbox 194 2685 1362 2771; baseline 0.001 -21"><span class='ocrx_word' id='word_1_256' title='bbox 194 2685 298 2768; x_wconf 76' lang='lat' dir='ltr'><strong>blica,</strong></span> <span class='ocrx_word' id='word_1_257' title='bbox 321 2693 565 2771; x_wconf 84' lang='lat' dir='ltr'><strong>commendavit.</strong></span> <span class='ocrx_word' id='word_1_258' title='bbox 603 2693 656 2758; x_wconf 79' lang='lat' dir='ltr'><strong>Ad</strong></span> <span class='ocrx_word' id='word_1_259' title='bbox 675 2715 778 2758; x_wconf 90' lang='lat' dir='ltr'><strong>meam</strong></span> <span class='ocrx_word' id='word_1_260' title='bbox 793 2692 887 2758; x_wconf 89' lang='lat' dir='ltr'><strong>unius</strong></span> <span class='ocrx_word' id='word_1_261' title='bbox 901 2691 1043 2770; x_wconf 88' lang='lat' dir='ltr'><strong>salutem,</strong></span> <span class='ocrx_word' id='word_1_262' title='bbox 1060 2703 1185 2755; x_wconf 86' lang='lat' dir='ltr'><strong>senatus</strong></span> <span class='ocrx_word' id='word_1_263' title='bbox 1206 2689 1362 2753; x_wconf 77' lang='lat' dir='ltr'><strong>auxilium</strong></span> 
     </span>
     <span class='ocr_line' id='line_1_29' title="bbox 194 2773 1364 2864; baseline 0.002 -27"><span class='ocrx_word' id='word_1_264' title='bbox 194 2776 339 2840; x_wconf 89' lang='lat' dir='ltr'><strong>omnium</strong></span> <span class='ocrx_word' id='word_1_265' title='bbox 368 2778 483 2843; x_wconf 85' lang='lat' dir='ltr'><strong>civium</strong></span> <span class='ocrx_word' id='word_1_266' title='bbox 512 2778 625 2844; x_wconf 75' lang='lat' dir='ltr'><strong>cunctd</strong></span> <span class='ocrx_word' id='word_1_267' title='bbox 657 2788 697 2842; x_wconf 86' lang='lat' dir='ltr'><strong>ex</strong></span> <span class='ocrx_word' id='word_1_268' title='bbox 727 2776 831 2856; x_wconf 66' lang='lat' dir='ltr'><strong>ltalia,</strong></span> <span class='ocrx_word' id='word_1_269' title='bbox 868 2777 923 2864; x_wconf 88' lang='lat' dir='ltr'><strong>qui</strong></span> <span class='ocrx_word' id='word_1_270' title='bbox 954 2777 1112 2863; x_wconf 85' lang='lat' dir='ltr'><strong>Rempnb.</strong></span> <span class='ocrx_word' id='word_1_271' title='bbox 1147 2773 1266 2839; x_wconf 81' lang='lat' dir='ltr'><strong>salvam</strong></span> <span class='ocrx_word' id='word_1_272' title='bbox 1285 2795 1364 2839; x_wconf 20' lang='lat' dir='ltr'><strong>&#39;esse</strong></span> 
     </span>
     <span class='ocr_line' id='line_1_30' title="bbox 136 2857 1358 2949; baseline -0.002 -26"><span class='ocrx_word' id='word_1_273' title='bbox 136 2858 322 2939; x_wconf 78' lang='lat' dir='ltr'><strong>45vellent,</strong></span> <span class='ocrx_word' id='word_1_274' title='bbox 359 2864 497 2929; x_wconf 90' lang='lat' dir='ltr'><strong>consulis</strong></span> <span class='ocrx_word' id='word_1_275' title='bbox 532 2880 609 2930; x_wconf 85' lang='lat' dir='ltr'><strong>voce</strong></span> <span class='ocrx_word' id='word_1_276' title='bbox 644 2876 676 2929; x_wconf 88' lang='lat' dir='ltr'><strong>et</strong></span> <span class='ocrx_word' id='word_1_277' title='bbox 710 2863 809 2929; x_wconf 85' lang='lat' dir='ltr'><strong>literis</strong></span> <span class='ocrx_word' id='word_1_278' title='bbox 845 2861 1080 2949; x_wconf 87' lang='lat' dir='ltr'><strong>implorandum</strong></span> <span class='ocrx_word' id='word_1_279' title='bbox 1113 2860 1252 2948; x_wconf 83' lang='lat' dir='ltr'><strong>putavit:</strong></span> <span class='ocrx_word' id='word_1_280' title='bbox 1298 2857 1358 2924; x_wconf 87' lang='lat' dir='ltr'><strong>mei</strong></span> 
     </span>
     <span class='ocr_line' id='line_1_31' title="bbox 195 2945 1361 3034; baseline 0.002 -26"><span class='ocrx_word' id='word_1_281' title='bbox 195 2947 308 3028; x_wconf 88' lang='lat' dir='ltr'><strong>capitis</strong></span> <span class='ocrx_word' id='word_1_282' title='bbox 332 2948 477 3013; x_wconf 82' lang='lat' dir='ltr'><strong>servandi</strong></span> <span class='ocrx_word' id='word_1_283' title='bbox 496 2949 601 3028; x_wconf 73' lang='lat' dir='ltr'><strong>causis,</strong></span> <span class='ocrx_word' id='word_1_284' title='bbox 619 2950 756 3014; x_wconf 87' lang='lat' dir='ltr'><strong>Romam</strong></span> <span class='ocrx_word' id='word_1_285' title='bbox 780 2971 845 3013; x_wconf 90' lang='lat' dir='ltr'><strong>uno</strong></span> <span class='ocrx_word' id='word_1_286' title='bbox 869 2961 1021 3034; x_wconf 85' lang='lat' dir='ltr'><strong>tempore,</strong></span> <span class='ocrx_word' id='word_1_287' title='bbox 1065 2949 1132 3013; x_wconf 84' lang='lat' dir='ltr'><strong>nasi</strong></span> <span class='ocrx_word' id='word_1_288' title='bbox 1157 2946 1251 3032; x_wconf 80' lang='lat' dir='ltr'><strong>signo</strong></span> <span class='ocrx_word' id='word_1_289' title='bbox 1273 2945 1361 3020; x_wconf 82' lang='lat' dir='ltr'><strong>duta,</strong></span> 
     </span>
     <span class='ocr_line' id='line_1_32' title="bbox 194 2971 1359 3132; baseline 0.001 -42"><span class='ocrx_word' id='word_1_290' title='bbox 194 3026 290 3128; x_wconf 76' lang='lat' dir='ltr'><strong>Italia</strong></span> <span class='ocrx_word' id='word_1_291' title='bbox 315 3044 382 3098; x_wconf 89' lang='lat' dir='ltr'><strong>tota</strong></span> <span class='ocrx_word' id='word_1_292' title='bbox 396 3035 553 3116; x_wconf 79' lang='lat' dir='ltr'><strong>convenit.</strong></span> <span class='ocrx_word' id='word_1_293' title='bbox 591 3034 645 3099; x_wconf 86' lang='lat' dir='ltr'><strong>De</strong></span> <span class='ocrx_word' id='word_1_294' title='bbox 670 3033 741 3098; x_wconf 77' lang='lat' dir='ltr'><strong>met</strong></span> <span class='ocrx_word' id='word_1_295' title='bbox 761 3033 874 3113; x_wconf 76' lang='lat' dir='ltr'><strong>salute,</strong></span> <span class='ocrx_word' id='word_1_296' title='bbox 895 3034 932 3099; x_wconf 87' lang='lat' dir='ltr'><strong>P.</strong></span> <span class='ocrx_word' id='word_1_297' title='bbox 949 2971 1087 3111; x_wconf 82' lang='lat' dir='ltr'><strong>Lentuli,</strong></span> <span class='ocrx_word' id='word_1_298' title='bbox 1109 3026 1359 3132; x_wconf 69' lang='lat' dir='ltr'><strong>praestantissimi</strong></span> 
     </span>
     <span class='ocr_line' id='line_1_33' title="bbox 192 3115 1361 3211; baseline 0.003 -35"><span class='ocrx_word' id='word_1_299' title='bbox 192 3115 255 3211; x_wconf 69' lang='lat' dir='ltr'><strong>vni</strong></span> <span class='ocrx_word' id='word_1_300' title='bbox 277 3129 371 3204; x_wconf 88' lang='lat' dir='ltr'><strong>atque</strong></span> <span class='ocrx_word' id='word_1_301' title='bbox 393 3120 505 3205; x_wconf 88' lang='lat' dir='ltr'><strong>optimi</strong></span> <span class='ocrx_word' id='word_1_302' title='bbox 526 3119 672 3196; x_wconf 86' lang='lat' dir='ltr'><strong>consulis,</strong></span> <span class='ocrx_word' id='word_1_303' title='bbox 697 3120 758 3185; x_wconf 91' lang='lat' dir='ltr'><strong>Cn.</strong></span> <span class='ocrx_word' id='word_1_304' title='bbox 785 3118 940 3204; x_wconf 83' lang='lat' dir='ltr'><strong>Pompeii,</strong></span> <span class='ocrx_word' id='word_1_305' title='bbox 963 3117 1127 3183; x_wconf 83' lang='lat' dir='ltr'><strong>clarissimi</strong></span> <span class='ocrx_word' id='word_1_306' title='bbox 1145 3128 1240 3203; x_wconf 87' lang='lat' dir='ltr'><strong>atque</strong></span> <span class='ocrx_word' id='word_1_307' title='bbox 1264 3116 1361 3181; x_wconf 82' lang='lat' dir='ltr'><strong>invic-</strong></span> 
     </span>
     <span class='ocr_line' id='line_1_34' title="bbox 193 3200 1360 3290; baseline 0 -28"><span class='ocrx_word' id='word_1_308' title='bbox 193 3200 304 3266; x_wconf 76' lang='lat' dir='ltr'><strong>tissimi</strong></span> <span class='ocrx_word' id='word_1_309' title='bbox 330 3203 417 3282; x_wconf 89' lang='lat' dir='ltr'><strong>civis,</strong></span> <span class='ocrx_word' id='word_1_310' title='bbox 448 3218 698 3290; x_wconf 73' lang='lat' dir='ltr'><strong>caeterorumque</strong></span> <span class='ocrx_word' id='word_1_311' title='bbox 720 3206 900 3290; x_wconf 88' lang='lat' dir='ltr'><strong>principum</strong></span> <span class='ocrx_word' id='word_1_312' title='bbox 921 3203 1067 3282; x_wconf 82' lang='lat' dir='ltr'><strong>civitatis,</strong></span> <span class='ocrx_word' id='word_1_313' title='bbox 1093 3201 1306 3268; x_wconf 77' lang='lat' dir='ltr'><strong>celeberrimae</strong></span> <span class='ocrx_word' id='word_1_314' title='bbox 1329 3210 1360 3264; x_wconf 91' lang='lat' dir='ltr'><strong>et</strong></span> 
     </span>
     <span class='ocr_line' id='line_1_35' title="bbox 135 3284 1357 3373; baseline 0.002 -26"><span class='ocrx_word' id='word_1_315' title='bbox 135 3287 575 3373; x_wconf 71' lang='lat' dir='ltr'><strong>sogratissimae’conciones</strong></span> <span class='ocrx_word' id='word_1_316' title='bbox 602 3289 740 3355; x_wconf 87' lang='lat' dir='ltr'><strong>fuerunt.</strong></span> <span class='ocrx_word' id='word_1_317' title='bbox 794 3284 846 3357; x_wconf 90' lang='lat' dir='ltr'><strong>De</strong></span> <span class='ocrx_word' id='word_1_318' title='bbox 878 3311 930 3354; x_wconf 91' lang='lat' dir='ltr'><strong>me</strong></span> <span class='ocrx_word' id='word_1_319' title='bbox 964 3302 1089 3355; x_wconf 89' lang='lat' dir='ltr'><strong>senatus</strong></span> <span class='ocrx_word' id='word_1_320' title='bbox 1124 3289 1170 3354; x_wconf 85' lang='lat' dir='ltr'><strong>ita</strong></span> <span class='ocrx_word' id='word_1_321' title='bbox 1209 3287 1357 3362; x_wconf 84' lang='lat' dir='ltr'><strong>decrevit,</strong></span> 
     </span>
    </p>
   </div>
   <div class='ocr_carea' id='block_1_3' title="bbox 71 3604 1355 4406">
    <p class='ocr_par' dir='ltr' id='par_1_3' title="bbox 71 3604 1355 4406">
     <span class='ocr_line' id='line_1_36' title="bbox 221 3604 1353 3689; baseline -0.001 -19"><span class='ocrx_word' id='word_1_322' title='bbox 221 3624 262 3670; x_wconf 80' lang='lat'><strong>³0.</strong></span> <span class='ocrx_word' id='word_1_323' title='bbox 279 3620 453 3686; x_wconf 68' lang='lat' dir='ltr'><strong>Mediasfidius]</strong></span> <span class='ocrx_word' id='word_1_324' title='bbox 486 3623 550 3673; x_wconf 82' lang='lat' dir='ltr'><strong>Vide</strong></span> <span class='ocrx_word' id='word_1_325' title='bbox 566 3625 633 3673; x_wconf 81' lang='lat' dir='ltr'><strong>Orat.</strong></span> <span class='ocrx_word' id='word_1_326' title='bbox 649 3638 692 3689; x_wconf 83' lang='lat' dir='ltr'><strong>pro</strong></span> <span class='ocrx_word' id='word_1_327' title='bbox 710 3604 761 3674; x_wconf 75' lang='lat' dir='ltr'><strong>ldi-</strong></span> <span class='ocrx_word' id='word_1_328' title='bbox 792 3624 907 3674; x_wconf 85' lang='lat' dir='ltr'><strong>Cicerone</strong></span> <span class='ocrx_word' id='word_1_329' title='bbox 924 3625 1003 3683; x_wconf 74' lang='lat' dir='ltr'><strong>refert,</strong></span> <span class='ocrx_word' id='word_1_330' title='bbox 1021 3625 1140 3689; x_wconf 80' lang='lat' dir='ltr'><strong>scripsisse</strong></span> <span class='ocrx_word' id='word_1_331' title='bbox 1154 3631 1258 3672; x_wconf 79' lang='lat' dir='ltr'><strong>senatun</strong></span> <span class='ocrx_word' id='word_1_332' title='bbox 1274 3628 1300 3670; x_wconf 88' lang='lat' dir='ltr'><strong>ut</strong></span> <span class='ocrx_word' id='word_1_333' title='bbox 1314 3635 1353 3669; x_wconf 78' lang='lat' dir='ltr'><strong>ex·</strong></span> 
     </span>
     <span class='ocr_line' id='line_1_37' title="bbox 71 3684 1355 3798; baseline 0.002 -65"><span class='ocrx_word' id='word_1_334' title='bbox 71 3740 72 3743; x_wconf 10' lang='lat'>¹</span> <span class='ocrx_word' id='word_1_335' title='bbox 187 3684 253 3798; x_wconf 80' lang='lat' dir='ltr'><strong>ique,</strong></span> <span class='ocrx_word' id='word_1_336' title='bbox 269 3702 348 3752; x_wconf 78' lang='lat' dir='ltr'><strong>perag.</strong></span> <span class='ocrx_word' id='word_1_337' title='bbox 360 3688 416 3734; x_wconf 81' lang='lat' dir='ltr'><strong>xvii.</strong></span> <span class='ocrx_word' id='word_1_338' title='bbox 433 3696 483 3735; x_wconf 86' lang='lat' dir='ltr'><strong>not.</strong></span> <span class='ocrx_word' id='word_1_339' title='bbox 499 3691 530 3738; x_wconf 86' lang='lat' dir='ltr'><strong>ad</strong></span> <span class='ocrx_word' id='word_1_340' title='bbox 541 3690 557 3737; x_wconf 88' lang='lat'><strong>1.</strong></span> <span class='ocrx_word' id='word_1_341' title='bbox 574 3695 597 3740; x_wconf 88' lang='lat'><strong>9.</strong></span> <span class='ocrx_word' id='word_1_342' title='bbox 615 3692 646 3740; x_wconf 86' lang='lat' dir='ltr'><strong>de</strong></span> <span class='ocrx_word' id='word_1_343' title='bbox 657 3691 687 3739; x_wconf 75' lang='lat' dir='ltr'><strong>ei</strong></span> <span class='ocrx_word' id='word_1_344' title='bbox 701 3705 760 3739; x_wconf 88' lang='lat' dir='ltr'><strong>roce</strong></span> <span class='ocrx_word' id='word_1_345' title='bbox 791 3695 847 3737; x_wconf 75' lang='lat' dir='ltr'><strong>tere</strong></span> <span class='ocrx_word' id='word_1_346' title='bbox 861 3690 969 3741; x_wconf 67' lang='lat' dir='ltr'><strong>citima</strong></span> <span class='ocrx_word' id='word_1_347' title='bbox 984 3691 1142 3748; x_wconf 79' lang='lat' dir='ltr'><strong>laudarentur,</strong></span> <span class='ocrx_word' id='word_1_348' title='bbox 1152 3704 1206 3756; x_wconf 70' lang='lat' dir='ltr'><strong>qne</strong></span> <span class='ocrx_word' id='word_1_349' title='bbox 1217 3687 1355 3736; x_wconf 69' lang='lat' dir='ltr'><strong>caecam</strong></span> 
     </span>
     <span class='ocr_line' id='line_1_38' title="bbox 216 3764 939 3804; baseline 0.006 -5"><span class='ocrx_word' id='word_1_350' title='bbox 216 3767 264 3799; x_wconf 81' lang='lat' dir='ltr'><strong>ura.</strong></span> <span class='ocrx_word' id='word_1_351' title='bbox 650 3768 656 3773; x_wconf 82' lang='grc'><em>·</em></span> <span class='ocrx_word' id='word_1_352' title='bbox 791 3768 848 3803; x_wconf 78' lang='lat' dir='ltr'><strong>exce</strong></span> <span class='ocrx_word' id='word_1_353' title='bbox 867 3764 939 3804; x_wconf 78' lang='lat' dir='ltr'><strong>erent.</strong></span> 
     </span>
     <span class='ocr_line' id='line_1_39' title="bbox 187 3765 1355 3887; baseline -0.003 -20"><span class='ocrx_word' id='word_1_354' title='bbox 187 3765 459 3882; x_wconf 61' lang='lat' dir='ltr'><strong>petrammalam]</strong></span> <span class='ocrx_word' id='word_1_355' title='bbox 477 3817 506 3865; x_wconf 76' lang='lat'><strong>1².</strong></span> <span class='ocrx_word' id='word_1_356' title='bbox 518 3817 640 3878; x_wconf 78' lang='lat' dir='ltr'><strong>lentulus,</strong></span> <span class='ocrx_word' id='word_1_357' title='bbox 651 3818 718 3867; x_wconf 87' lang='lat' dir='ltr'><strong>simui</strong></span> <span class='ocrx_word' id='word_1_358' title='bbox 730 3834 759 3867; x_wconf 89' lang='lat' dir='ltr'><strong>ac</strong></span> <span class='ocrx_word' id='word_1_359' title='bbox 822 3771 866 3868; x_wconf 41' lang='lat' dir='ltr'><strong>dd?</strong></span> <span class='ocrx_word' id='word_1_360' title='bbox 881 3818 1019 3887; x_wconf 79' lang='lat' dir='ltr'><strong>Qrtuslsignc</strong></span> <span class='ocrx_word' id='word_1_361' title='bbox 1027 3822 1100 3887; x_wconf 76' lang='lat' dir='ltr'><strong>dura]</strong></span> <span class='ocrx_word' id='word_1_362' title='bbox 1124 3818 1255 3884; x_wconf 78' lang='lat' dir='ltr'><strong>Respicere</strong></span> <span class='ocrx_word' id='word_1_363' title='bbox 1265 3816 1355 3865; x_wconf 79' lang='lat' dir='ltr'><strong>ridetur</strong></span> 
     </span>
     <span class='ocr_line' id='line_1_40' title="bbox 188 3880 1355 3948; baseline -0.002 -19"><span class='ocrx_word' id='word_1_364' title='bbox 188 3881 220 3929; x_wconf 87' lang='lat' dir='ltr'><strong>de</strong></span> <span class='ocrx_word' id='word_1_365' title='bbox 228 3883 759 3948; x_wconf 77' lang='lat' dir='ltr'><strong>sollennireligicneretulit,nihilhunssnarum</strong></span> <span class='ocrx_word' id='word_1_366' title='bbox 790 3884 821 3931; x_wconf 82' lang='lat' dir='ltr'><strong>ad</strong></span> <span class='ocrx_word' id='word_1_367' title='bbox 866 3884 917 3946; x_wconf 82' lang='lat' dir='ltr'><strong>puli</strong></span> <span class='ocrx_word' id='word_1_368' title='bbox 934 3884 1036 3935; x_wconf 80' lang='lat' dir='ltr'><strong>Romani</strong></span> <span class='ocrx_word' id='word_1_369' title='bbox 1052 3901 1149 3941; x_wconf 83' lang='lat' dir='ltr'><strong>morem.</strong></span> <span class='ocrx_word' id='word_1_370' title='bbox 1168 3884 1242 3948; x_wconf 88' lang='lat' dir='ltr'><strong>quiin</strong></span> <span class='ocrx_word' id='word_1_371' title='bbox 1254 3880 1355 3930; x_wconf 76' lang='lat' dir='ltr'><strong>maximis</strong></span> 
     </span>
     <span class='ocr_line' id='line_1_41' title="bbox 185 3900 1355 4015; baseline 0.003 -23"><span class='ocrx_word' id='word_1_372' title='bbox 185 3962 264 3997; x_wconf 86' lang='lat' dir='ltr'><strong>rerum</strong></span> <span class='ocrx_word' id='word_1_373' title='bbox 272 3948 316 3998; x_wconf 88' lang='lat' dir='ltr'><strong>sibi</strong></span> <span class='ocrx_word' id='word_1_374' title='bbox 333 3947 405 4014; x_wconf 75' lang='lat' dir='ltr'><strong>priuis,</strong></span> <span class='ocrx_word' id='word_1_375' title='bbox 422 3948 493 4012; x_wconf 72' lang='lat' dir='ltr'><strong>quim</strong></span> <span class='ocrx_word' id='word_1_376' title='bbox 504 3949 535 3996; x_wconf 85' lang='lat' dir='ltr'><strong>de</strong></span> <span class='ocrx_word' id='word_1_377' title='bbox 547 3948 669 4003; x_wconf 85' lang='lat' dir='ltr'><strong>Cicerone,</strong></span> <span class='ocrx_word' id='word_1_378' title='bbox 686 3963 759 4013; x_wconf 79' lang='lat' dir='ltr'><strong>agen·</strong></span> <span class='ocrx_word' id='word_1_379' title='bbox 789 3900 894 4013; x_wconf 66' lang='lat' dir='ltr'><strong>Relplrb.</strong></span> <span class='ocrx_word' id='word_1_380' title='bbox 903 3951 1003 4000; x_wconf 82' lang='lat' dir='ltr'><strong>motibus</strong></span> <span class='ocrx_word' id='word_1_381' title='bbox 1008 3951 1094 4001; x_wconf 74' lang='lat' dir='ltr'><strong>vexilla</strong></span> <span class='ocrx_word' id='word_1_382' title='bbox 1105 3948 1246 4013; x_wconf 64' lang='lat' dir='ltr'><strong>supinae</strong></span> <span class='ocrx_word' id='word_1_383' title='bbox 1251 3948 1355 4015; x_wconf 72' lang='lat' dir='ltr'><strong>profert·</strong></span> 
     </span>
     <span class='ocr_line' id='line_1_42' title="bbox 184 4011 1354 4081; baseline -0.001 -22"><span class='ocrx_word' id='word_1_384' title='bbox 184 4013 379 4078; x_wconf 81' lang='lat' dir='ltr'><strong>dumjndicsvit.</strong></span> <span class='ocrx_word' id='word_1_385' title='bbox 788 4012 1027 4078; x_wconf 68' lang='lat' dir='ltr'><strong>batquamruettero</strong></span> <span class='ocrx_word' id='word_1_386' title='bbox 1038 4030 1156 4081; x_wconf 74' lang='lat' dir='ltr'><strong>purpureo</strong></span> <span class='ocrx_word' id='word_1_387' title='bbox 1166 4011 1354 4079; x_wconf 54' lang='lat' dir='ltr'><strong>pertinencium</strong></span> 
     </span>
     <span class='ocr_line' id='line_1_43' title="bbox 217 4071 1353 4147; baseline -0.003 -20"><span class='ocrx_word' id='word_1_388' title='bbox 217 4081 258 4127; x_wconf 76' lang='lat'><strong>36.</strong></span> <span class='ocrx_word' id='word_1_389' title='bbox 293 4079 484 4144; x_wconf 68' lang='lat' dir='ltr'><strong>frequentissimas</strong></span> <span class='ocrx_word' id='word_1_390' title='bbox 509 4075 619 4140; x_wconf 72' lang='lat' dir='ltr'><strong>senatun]</strong></span> <span class='ocrx_word' id='word_1_391' title='bbox 658 4075 756 4126; x_wconf 68' lang='lat' dir='ltr'><strong>natue-</strong></span> <span class='ocrx_word' id='word_1_392' title='bbox 787 4079 890 4127; x_wconf 76' lang='lat' dir='ltr'><strong>coerulco</strong></span> <span class='ocrx_word' id='word_1_393' title='bbox 899 4079 999 4144; x_wconf 83' lang='lat' dir='ltr'><strong>equites,</strong></span> <span class='ocrx_word' id='word_1_394' title='bbox 1018 4095 1047 4129; x_wconf 81' lang='lat' dir='ltr'><strong>ex</strong></span> <span class='ocrx_word' id='word_1_395' title='bbox 1062 4079 1238 4147; x_wconf 78' lang='lat' dir='ltr'><strong>agrislecisque</strong></span> <span class='ocrx_word' id='word_1_396' title='bbox 1255 4071 1353 4125; x_wconf 75' lang='lat' dir='ltr'><strong>finitimis</strong></span> 
     </span>
     <span class='ocr_line' id='line_1_44' title="bbox 182 4142 982 4210; baseline 0.005 -23"><span class='ocrx_word' id='word_1_397' title='bbox 182 4150 239 4190; x_wconf 87' lang='lat' dir='ltr'><strong>rant</strong></span> <span class='ocrx_word' id='word_1_398' title='bbox 249 4145 401 4209; x_wconf 78' lang='lat' dir='ltr'><strong>incapitolio</strong></span> <span class='ocrx_word' id='word_1_399' title='bbox 417 4142 579 4210; x_wconf 76' lang='lat' dir='ltr'><strong>quadringenti</strong></span> <span class='ocrx_word' id='word_1_400' title='bbox 590 4150 616 4190; x_wconf 86' lang='lat' dir='ltr'><strong>et</strong></span> <span class='ocrx_word' id='word_1_401' title='bbox 625 4142 707 4190; x_wconf 84' lang='lat' dir='ltr'><strong>decem</strong></span> <span class='ocrx_word' id='word_1_402' title='bbox 717 4157 754 4190; x_wconf 84' lang='lat' dir='ltr'><strong>se·</strong></span> <span class='ocrx_word' id='word_1_403' title='bbox 786 4144 982 4194; x_wconf 73' lang='lat' dir='ltr'><strong>convocabantur.</strong></span> 
     </span>
     <span class='ocr_line' id='line_1_45' title="bbox 149 4205 1353 4322; baseline 0 -71"><span class='ocrx_word' id='word_1_404' title='bbox 149 4206 167 4261; x_wconf 68' lang='grc'><strong>,“</strong></span> <span class='ocrx_word' id='word_1_405' title='bbox 181 4209 755 4275; x_wconf 73' lang='lat' dir='ltr'><strong>autores,quiCicemnemrevacandumce&#39;nsue·</strong></span> <span class='ocrx_word' id='word_1_406' title='bbox 817 4212 858 4258; x_wconf 76' lang='lat' dir='ltr'><strong>et.</strong></span> <span class='ocrx_word' id='word_1_407' title='bbox 875 4207 944 4258; x_wconf 75' lang='lat' dir='ltr'><strong>Italia</strong></span> <span class='ocrx_word' id='word_1_408' title='bbox 959 4218 1006 4258; x_wconf 69' lang='lat' dir='ltr'><strong>tate</strong></span> <span class='ocrx_word' id='word_1_409' title='bbox 1023 4208 1148 4322; x_wconf 47' lang='grc' dir='ltr'><strong>Μυκη</strong></span> <span class='ocrx_word' id='word_1_410' title='bbox 1183 4205 1299 4256; x_wconf 77' lang='lat' dir='ltr'><strong>Decrevit</strong></span> <span class='ocrx_word' id='word_1_411' title='bbox 1317 4216 1353 4251; x_wconf 88' lang='lat' dir='ltr'><strong>se·</strong></span> 
     </span>
     <span class='ocr_line' id='line_1_46' title="bbox 177 4267 1349 4341; baseline -0.009 -15"><span class='ocrx_word' id='word_1_412' title='bbox 177 4278 243 4318; x_wconf 56' lang='grc' dir='ltr'><strong>ΝΜ</strong></span> <span class='ocrx_word' id='word_1_413' title='bbox 784 4282 862 4333; x_wconf 80' lang='lat' dir='ltr'><strong>nanus,</strong></span> <span class='ocrx_word' id='word_1_414' title='bbox 877 4275 957 4341; x_wconf 36' lang='lat' dir='ltr'><strong>ut&#39;iis.</strong></span> <span class='ocrx_word' id='word_1_415' title='bbox 972 4275 1015 4339; x_wconf 84' lang='lat' dir='ltr'><strong>qul</strong></span> <span class='ocrx_word' id='word_1_416' title='bbox 1033 4276 1121 4324; x_wconf 69' lang='lat' dir='ltr'><strong>artati</strong></span> <span class='ocrx_word' id='word_1_417' title='bbox 1149 4273 1205 4323; x_wconf 76' lang='lat' dir='ltr'><strong>uiis</strong></span> <span class='ocrx_word' id='word_1_418' title='bbox 1215 4272 1297 4321; x_wconf 78' lang='lat' dir='ltr'><strong>saletis</strong></span> <span class='ocrx_word' id='word_1_419' title='bbox 1313 4267 1349 4315; x_wconf 83' lang='lat' dir='ltr'><strong>li.</strong></span> 
     </span>
     <span class='ocr_line' id='line_1_47' title="bbox 211 4334 1340 4406; baseline 0.003 -22"><span class='ocrx_word' id='word_1_420' title='bbox 211 4338 253 4385; x_wconf 79' lang='lat'><strong>³9.</strong></span> <span class='ocrx_word' id='word_1_421' title='bbox 280 4334 366 4391; x_wconf 66' lang='lat' dir='ltr'><strong>Ertaia</strong></span> <span class='ocrx_word' id='word_1_422' title='bbox 384 4339 529 4404; x_wconf 65' lang='lat' dir='ltr'><strong>acaunus]</strong></span> <span class='ocrx_word' id='word_1_423' title='bbox 571 4338 709 4390; x_wconf 77' lang='lat' dir='ltr'><strong>Plutarchus</strong></span> <span class='ocrx_word' id='word_1_424' title='bbox 727 4338 752 4389; x_wconf 87' lang='lat' dir='ltr'><strong>in</strong></span> <span class='ocrx_word' id='word_1_425' title='bbox 783 4338 860 4392; x_wconf 82' lang='lat' dir='ltr'><strong>Tullii</strong></span> <span class='ocrx_word' id='word_1_426' title='bbox 872 4336 1340 4406; x_wconf 70' lang='lat' dir='ltr'><strong>malmesmeanegrseesgaeem</strong></span> 
     </span>
    </p>
   </div>
   <div class='ocr_carea' id='block_1_4' title="bbox 0 0 1484 4959">
    <p class='ocr_par' dir='ltr' id='par_1_4' title="bbox 0 0 1484 4959">
     <span class='ocr_line' id='line_1_48' title="bbox 0 0 1484 4959; baseline 0 8"><span class='ocrx_word' id='word_1_427' title='bbox 0 0 1484 4959; x_wconf 95' lang='lat' dir='ltr'><strong> </strong></span> 
     </span>
    </p>
   </div>
  </div>
 </body>
</html>
