2959 4959
410 294 412 301 ’
549 344 616 412 nn
641 343 881 413 Amorne
1236 365 1297 427 ror

128 471 202 552 sQ.
216 474 391 541 Tuberone
401 473 637 563 aequalibusque
647 472 761 537 amicis
772 471 961 541 derelictum
973 474 1165 546 videbamus.
1200 480 1301 550 AtCss
1330 479 1335 485 ’

120 557 269 640 ’Βὶοεὶιιῃ
294 561 468 639 Carnam
493 559 607 647 hospes¹
619 558 749 624 familiae
764 572 892 639 resta,
910 560 1063 643 Scoevola,
1079 564 1150 630 cum
1169 567 1211 632 ad
1234 562 1298 649 me,

126 646 184 731 qui
207 644 335 711 aderam
359 646 487 712 Laeuati
511 659 543 711 et
565 644 699 730 Rupilio
719 645 904 710 consulibus
927 647 1124 726 recensitio,
1145 650 1300 739 depreca-

125 743 196 794 tum
212 733 356 810 venisset,
378 733 472 811 hanc,
494 745 530 797 ut
552 730 612 796 sibi
634 730 844 818 ignoscerem,
865 749 993 798 causam
1017 734 1179 813 afferebat,
1207 739 1298 825 quod

124 817 207 880 tanti
227 816 302 882 'iila
321 819 505 886 Gracchum
525 816 661 895 fecisset,
683 830 729 898 ut,
753 816 910 919 quidquid
931 818 987 884 ille
1010 818 1114 898 vellet,
1136 821 1196 886 sibi
1220 823 1299 890 faci·

126 901 246 971 aldum
261 912 395 990 putaret.
438 904 525 969 Tum
540 926 618 991 ego:
643 901 803 981 Etiamne,
826 925 853 967 ει
875 918 907 970 te
931 904 966 970 in
992 905 1041 970 Ca
1065 906 1188 993 itclium
1214 907 1298 976 faces
1386 924 1388 931 ’

125 986 211 1053 ferre
230 989 346 1056 vellet?
364 1026 368 1033 ·
388 990 574 1079 Nunquam,
603 989 717 1089 inquit,
740 989 890 1054 voluisset
913 989 947 1056 id
972 1013 994 1078 q
1018 991 1026 1006 '
1069 1014 1112 1057 m.
1168 994 1243 1074 Sed,
1258 994 1297 1062 ⁴si

127 1072 301 1140 voluisset?
323 1075 511 1142 Paruissem.
555 1073 691 1151 videns,
706 1073 803 1159 quam
818 1073 939 1139 nefaria
953 1098 1033 1141 voxz
1055 1091 1087 1143 et
1102 1077 1235 1161 (hercle)
1250 1082 1297 1147 ita

127 1157 271 1235 fecitrel
283 1162 354 1263 plus
373 1162 470 1227 etiam
483 1157 584 1308 paim
594 1157 697 1223 dixit:
719 1180 784 1223 non
795 1159 879 1259 euim
888 1161 995 1246 paruit
1005 1162 1058 1226 ille
1068 1162 1140 1229 Tib.
1153 1165 1297 1233 Gracchi
1439 1224 1442 1239 ,

126 1247 305 1326 temeritatr,
332 1247 388 1312 sed
436 1267 481 1309 rae
495 1246 558 1310 uit:
590 1265 649 1308 nec
672 1265 706 1308 se
730 1256 879 1310 comrtcm
902 1242 986 1310 illius
1009 1246 1134 1325 suroris,
1155 1250 1297 1329 sedda.

123 1348 204 1405 cem,
218 1333 369 1418 praebuit.
413 1269 537 1419 itaque,
560 1326 622 1394 nte
642 1327 791 1408 amentia,
814 1329 989 1418 quoestione
1002 1332 1086 1397 novis
1125 1337 1296 1417 'rterrimq

121 1415 158 1478 ia
174 1419 286 1480 Asiam
297 1416 458 1502 profugit3
481 1416 521 1482 ad
533 1415 640 1479 hostes
654 1437 688 1481 se
699 1414 851 1494 contulit3
868 1438 980 1502 poenas
991 1417 1104 1502 reipub
1117 1419 1173 1483 icoe
1183 1443 1296 1509 mares

115 1501 453 1587 justasquepersolvit.
477 1500 736 1589 Nullaestigitur
744 1502 905 1568 excusatio
915 1502 1048 1588 peccati,
1057 1503 1085 1567 si
1094 1504 1297 1574 amicicausi

122 1587 323 1669 peccaveris:
346 1608 432 1665 nam,
447 1586 521 1653 ohm
535 1586 735 1652 conciliatrix
749 1588 895 1653 amicitia
913 1588 1038 1653 virtutis
1058 1589 1168 1675 opinio
1189 1589 1296 1670 fuerit,

124 1668 257 1735 difficile
276 1684 323 1736 est
347 1672 517 1738 amicitiam
540 1694 680 1750 manere,
703 1672 731 1736 si
757 1670 777 1735 a
801 1672 918 1738 vincte
942 1671 1103 1739 defeceris.
1147 1674 1299 1753 Quodsi

114 1761 252 1820 ‘rectum
277 1758 489 1836 statuerimus,
518 1757 569 1823 vel
594 1758 768 1823 concedere
791 1757 901 1827 amicis
929 1756 1085 1845 quidquid
1113 1759 1221 1841 velint,
1243 1762 1297 1829 rel
1417 1756 1422 1769 ’

124 1842 300 1926 impetrare
313 1844 406 1909 abiis
443 1843 575 1932 uidquid
590 1843 732 1921 velimus,
755 1841 896 1928 perfectis
916 1844 1045 1930 quidem
1068 1845 1222 1930 sapientia
1243 1870 1298 1914 su·

127 1948 210 2005 mus,
230 1930 259 1992 ai
282 1929 364 1994 nihil
391 1867 508 1995 hriheat
529 1951 580 1995 res
606 1929 691 1994 vitii:
723 1929 779 1993 sed
802 1929 963 2015 loquimur
987 1929 1028 1993 de
1049 1929 1088 1993 iis
1111 1933 1221 1996 amicis
1242 1932 1299 2020 qui

126 2023 204 2077 ante
217 2015 327 2080 oculos
341 2027 425 2094 sunt,
448 2038 528 2104 quos
541 2013 694 2093 videmus,
717 2028 774 2079 aut
795 2014 836 2079 de
860 2013 975 2101 quihus
1000 2015 1187 2080 memoriam
1209 2040 1300 2082 acce·

125 2099 243 2183 pimus,
267 2114 321 2166 aut
343 2123 425 2188 quos
446 2101 536 2167 novit
559 2101 625 2165 vita
638 2099 838 2165 ‘eommunis
883 2100 936 2165 Ex
959 2099 1021 2165 hoc
1045 2122 1180 2167 numero
1204 2103 1298 2169 a'obis

123 2185 274 2270 exempla
288 2187 442 2253 sumenda
457 2199 540 2265 sunt,
564 2201 721 2253 eteorum
745 2185 874 2274 quidem
898 2183 1048 2264 maxime,
1072 2187 1127 2275 qui
1150 2187 1192 2254 ad
1215 2188 1300 2275 sapi·

125 2272 245 2335 entiam
260 2270 408 2358 proxime
422 2273 587 2339 accedunt.
631 2271 786 2338 Videmus
808 2271 933 2358 Papum
952 2271 1124 2337 AEmilium
1151 2273 1189 2340 C.
1216 2275 1299 2341 Lus·

128 2356 404 2427 cino-familiarem
417 2359 514 2424 fuisse
536 2359 597 2443 (sic
620 2357 650 2421 a*
666 2360 810 2444 patribus
834 2358 1039 2444 accepimus),
1061 2359 1110 2424 bis
1134 2357 1202 2444 unit
1222 2382 1300 2427 con·

130 2439 225 2516 aulea,
248 2455 280 2504 et
293 2442 431 2527 collegas
444 2444 478 2506 in
493 2442 648 2506 censurias
670 2457 739 2506 tum
764 2456 796 2507 et
819 2466 892 2507 curn
916 2443 967 2520 iis,
990 2459 1022 2509 et
1046 2446 1130 2510 inter
1155 2449 1198 2524 s'e,
1220 2450 1299 2513 coa·

123 2525 345 2611 junctissimos¹
354 2524 450 2590 fuisse
464 2525 615 2589 Manium
631 2524 766 2589 Curium
775 2538 808 2588 et
818 2524 1122 2607 T.‘Coruncanium,
1137 2532 1301 2597 memoriae

125 2608 294 2695 proditum
311 2623 377 2675 est:
400 2611 503 2698 igitur
523 2632 565 2674 ne
589 2609 741 2694 suspicari
767 2609 896 2695 quidem
986 2633 1086 2689 umus,
1110 2635 1301 2699 quemquam

129 2696 247 2760 horum
261 2694 303 2759 ab
318 2697 422 2760 amico
435 2694 601 2781 quidpiam
616 2693 826 2768 contendisse,
841 2717 885 2782 qu
939 2709 1051 2761 contra
1065 2695 1172 2775 fidem,
1188 2712 1301 2764 contra

122 2780 362 2867 jusjurandum,
373 2790 485 2846 contra
495 2802 562 2847 rem
609 2778 724 2844 blicam
734 2793 824 2851 esset:
840 2802 916 2845 nam
928 2780 990 2846 hoc
1001 2781 1129 2868 quidem
1141 2783 1174 2845 in
1185 2782 1302 2850 talibus
1437 2778 1440 2785 ¹

128 2868 206 2931 viris
215 2866 292 2967 quid
300 2868 413 2932 attinet
422 2866 538 2944 dicere,
577 2864 1305 2961 iconiendirset,scioimpetrotammrionfuisre?

127 2952 201 3020 crim
225 2950 272 3016 rlli
288 2953 476 3017 sanctissimi
494 2953 555 3016 viri
576 2950 710 3029 fuerint3
733 2951 825 3039 reque
850 2966 955 3019 autem
980 2953 1069 3018 nefas
1093 2954 1228 3032 sit,·tsle
1242 2955 1301 3021 a'li·

126 3040 207 3127 quid
222 3053 254 3104 et
267 3037 371 3104 facere
385 3053 542 3126 rogatum,
558 3053 590 3103 et
604 3059 726 3126 rogare.
772 3040 820 3103 At
839 3037 915 3102 verh
941 3037 1017 3127 Tib,
1045 3039 1228 3105 Gracchum
1251 3064 1301 3107 se·
1363 3112 1367 3118 ,

129 3125 309 3213 queba'ntur
320 3124 359 3190 C.
374 3123 492 3203 Carbo,
510 3123 549 3188 C.
560 3123 652 3202 Cato,
665 3138 697 3189 et
707 3124 891 3204 [minimus]
902 3137 970 3189 tum
984 3124 1112 3211 quidem
1127 3125 1223 3191 Caius
1236 3125 1301 3192 fra·

123 3219 188 3287 ter,
203 3233 290 3276 nunc
305 3211 394 3275 idem¹
406 3211 590 3276 acerrimus.
1332 3286 1335 3297 ι

175 3294 258 3360 XII.
281 3296 362 3360 Haec
376 3298 474 3383 igitur
487 3296 539 3361 lex
554 3297 589 3361 in
606 3296 748 3361 amicitiis
770 3297 939 3376 sanciatur,
962 3311 1127 3387 utqneque
1151 3318 1299 3385 rogemus
1365 3328 1367 3333 ·

125 3402 181 3445 res
210 3393 327 3465 turpes,
356 3402 417 3445 nec
444 3381 596 3447 iaciamus
621 3383 744 3468 rogati3
777 3385 880 3469 turpis
904 3384 989 3448 enim
1013 3382 1175 3448 excusatio
1197 3398 1243 3448 est
1266 3396 1300 3450 et

126 3463 263 3532 minime
277 3465 469 3550 accipienda,
492 3467 562 3531 chm
577 3468 611 3532 in
633 3469 756 3533 crateris
780 3469 927 3552 peccatis,
950 3481 1018 3534 tum
1043 3467 1069 3531 si
1118 3471 1299 3546 uis'contra

126 3549 361 3639 rempublicam
373 3573 405 3615 se
416 3552 510 3615 amici
519 3553 617 3618 consil
625 3553 733 3618 fecisse
741 3553 885 3620 fateatur.
909 3553 1038 3618 Etenim
1049 3491 1181 3633 eoioco,
1193 3554 1299 3619 Fanni

128 3652 164 3705 et
179 3635 331 3714 Scaevola,
358 3635 453 3701 locati
467 3659 584 3718 sumus,
610 3650 647 3703 ut
667 3660 726 3704 nos
751 3639 848 3740 longe
874 3641 1054 3726 prospicere
1078 3653 1224 3726 oporteat
1247 3639 1298 3704 fu·

130 3737 219 3789 turos
233 3746 324 3790 casm
336 3720 530 3809 reipublice.
561 3724 703 3790 Deflexit
714 3725 799 3790 enim
806 3746 878 3824 jam
893 3723 1123 3812 aliquantulum
1137 3724 1178 3788 da
1192 3723 1297 3807 spatio

129 3810 351 3897 curriculoque
364 3808 562 3875 consuetudo
575 3811 740 3897 majorum.
772 3809 850 3876 Tib.
868 3811 1034 3877 Gracchus
1048 3829 1183 3895 regnum
1202 3826 1297 3871 occu·

127 3917 209 3984 pare
222 3909 353 3961 conatus
366 3907 430 3973 est3
453 3893 503 3960 vel
517 3896 661 3982 regnavit
680 3897 708 3960 is
733 3895 863 3983 quidem
887 3919 1006 3983 paucos
1029 3914 1164 3961 meuses.
1208 3890 1298 3990 hlum

127 3980 208 4071 quid
217 3980 461 4068 similepopulos
471 3979 637 4046 Romanus
651 3980 805 4060 audierat,
825 3995 881 4048 aut
893 3978 1035 4048 viderat?
1050 4064 1053 4069 Ι
1066 3977 1177 4057 Hunc,
1200 3986 1300 4039 otram

126 4063 359 4155 postmortem
371 4065 471 4132 secuti
479 4065 574 4131 amici
585 4077 617 4131 et
627 4067 890 4168 propinquiquid
900 4067 934 4131 in
950 4064 990 4131 P.
1007 4061 1156 4129 Nasicam
1172 4058 1298 4145 Scipio·

124 4173 202 4217 nem
212 4151 383 4231 effecerint,
394 4148 462 4216 sine
470 4151 618 4240 lucrymis
627 4172 693 4218 nou
704 4152 1002 4241 qaeodrcerernam
1012 4145 1205 4222 Carbonem,
1217 4150 1299 4232 quo-

112 4258 195 4336 quo
208 4238 305 4304 modo
317 4237 491 4324 potuimus,
503 4259 544 4324 pr
586 4249 636 4304 ter
649 4252 809 4305 recentem
823 4256 953 4322 poenam
967 4233 1039 4298 Tib.
1054 4229 1206 4308 Gracchi,
1229 4252 1298 4296 rus-

125 4322 290 4407 trquimm.
326 4321 440 4409 Dec·
456 4260 597 4393 curiit
610 4336 718 4475 autqm
731 4317 997 4474 tpibunatmuid
1018 4329 1207 4409 exspectem,
1229 4336 1300 4385 nou

698 4427 728 4473 rt
