2959 4959
534 299 884 410 eminuerit.
1289 341 1351 407 m

122 490 197 555 cnm
212 461 266 536 Μ’.
282 469 402 535 Orasm
409 459 572 572 eontentio
581 482 671 574 esset,
686 474 840 571 (quocum
852 435 1006 532 multoeet
1019 485 1144 568 magna
1157 465 1300 547 fumum)

120 577 364 708 num-iu
377 557 557 708 situ
567 551 932 726 innuentes
946 552 1301 727 nstitutum
1312 647 1354 707 ,t
1376 697 1379 708 ,

121 740 195 804 tum
218 725 307 793 ime
320 727 508 796 beneficium
532 665 598 794 tuin
615 727 784 814 acceperit.
829 727 875 790 At
888 685 985 825 etism
997 724 1125 825 literas,
1148 747 1227 813 quas
1249 749 1301 791 me

122 813 188 906 sibi
202 812 326 884 misisse
339 813 467 894 diceret,
482 815 635 893 recitavit,
659 813 759 879 homo
773 826 805 877 et
815 810 1022 877 humanitatis
1037 833 1161 897 expers,
1182 824 1217 876 vet
1227 812 1310 877 vitae'

122 899 308 964 communis
321 899 457 986 ignarus.
502 900 585 977 Quis
597 901 684 965 enim
699 919 852 987 unquam,
874 898 929 985 qui
949 896 1115 983 paululum
1128 895 1228 963 modo
1243 898 1302 963 bo-

18 1039 19 1044 ,
120 1005 243 1054 norum
255 984 514 1051 consuetudinem
527 985 647 1065 nosset,
662 986 771 1052 literas
786 983 828 1050 cil
843 1006 876 1048 se
890 984 931 1048 ab
945 983 1049 1048 amico
1063 984 1184 1061 missas,
1201 984 1302 1050 offen·

18 1113 21 1151 ξ
122 1072 216 1136 sione
229 1068 336 1157 aliquit
349 1070 550 1157 interpositis,
573 1073 606 1135 in
622 1072 764 1137 medium
784 1068 929 1154 protulit,
952 1057 1122 1156 palimque
1136 1069 1303 1136 recitavit?
1314 1080 1359 1140 60

18 1200 25 1210 -
126 1155 218 1233 Quid
232 1169 279 1221 est
302 1155 387 1221 aliud
407 1156 520 1222 tollere
534 1154 553 1221 ὲ
567 1155 635 1221 ritis
648 1158 723 1222 vitre
749 1156 942 1229 societatem,
965 1154 1062 1241 qnam
1088 1153 1200 1221 tollere
1222 1157 1302 1220 ami·

18 1719 23 1746 f
123 1691 145 1734 V

18 1321 20 1324 v
123 1264 236 1307 corum
251 1240 413 1329 colloquia
426 1241 629 1310 absentium?
673 1239 783 1320 Quam
798 1239 899 1306 multa
907 1241 982 1325 joca
996 1240 1099 1306 solent
1111 1242 1220 1306 esseio
1235 1242 1302 1391 aqi-

22 1399 26 1408 ‚
122 1328 223 1403 stolis,
247 1349 331 1414 qum,
353 1327 480 1414 prolata
505 1329 532 1393 si
553 1330 625 1407 sint,
647 1328 758 1415 inepta
782 1349 848 1392 csse
871 1324 1059 1392 videantur!
1083 1324 1180 1414 quim
1203 1349 1257 1392 mu
1271 1342 1304 1393 ta

18 1437 21 1446 ’
121 1414 215 1491 seria,
237 1420 344 1500 ne'que
364 1427 472 1482 tamen
487 1414 555 1479 ullo
577 1414 676 1480 modo
691 1410 905 1501 divulganda!
947 1412 996 1478 Sit
1010 1412 1073 1476 hoc
1086 1411 1303 1480 inhumanitu-

18 1540 31 1582 ,-
122 1499 164 1563 tis
178 1513 262 1564 tuoe:
286 1499 453 1601 stultitiam
475 1499 695 1566 incredibilem
717 1500 832 1565 uidete.
877 1497 967 1599 Quid
983 1497 1092 1598 habes,
1113 1499 1199 1598 quod
1223 1499 1362 1602 milrien

123 1583 1303 1769 “litii,tttiitm‘,lttssltilttt‘lttiilt⁰{itti}

125 1758 262 1835 sanatis,
299 1780 360 1844 ego
389 1780 517 1846 quoque
545 1771 578 1823 te
606 1758 760 1824 disertum
787 1758 923 1843 putabo,
961 1778 987 1820 sr
1015 1754 1200 1834 ostenderis,
1237 1780 1302 1844 quo

18 1895 19 1898 η
122 1841 224 1907 modo
245 1844 287 1910 sis
301 1866 357 1908 eos
378 1843 463 1910 intar
485 1844 614 1910 sicarios
629 1843 826 1912 defensurus.
870 1842 935 1909 ssd
961 1840 1039 1929 quid
1061 1863 1205 1927 opponas
1231 1845 1303 1908 tan-

123 1927 209 2007 dem,
232 1931 258 1994 si
284 1951 399 2019 negem
413 1949 466 1995 me
488 1951 630 2017 unquam
655 1931 730 1997 istas
752 1929 860 1995 literas
884 1929 926 1995 ad
942 1942 973 1993 te
992 1925 1137 1992 misisse?
1159 1949 1224 2013 quo
1249 1951 1301 1994 me
1314 1937 1362 2002 70

124 2026 204 2080 teste
225 2014 420 2081 convincas?
440 2038 481 2082 an
506 2015 746 2103 chirographo?
768 2016 889 2102 inquo
911 2014 1010 2082 habes
1035 2014 1198 2079 scientium
1214 2035 1302 2114 qusa-

123 2113 281 2166 stuosam:
319 2099 375 2191 qni
400 2101 527 2188 possis?
555 2115 631 2168 sunt
654 2103 739 2168 enim
768 2101 891 2166 librarii
920 2122 1027 2166 manu.
1070 2099 1145 2165 Jam
1173 2099 1302 2168 invideo

123 2186 277 2286 magistro
304 2202 372 2267 tuo,
410 2188 464 2287 qui
493 2201 527 2253 te
550 2186 641 2254 tantis
665 2188 822 2267 mercede,
855 2200 1004 2276 quantam
1032 2188 1101 2272 jam
1129 2184 1300 2273 proferam,

123 2271 205 2338 mhrl
218 2295 331 2362 sapere
344 2274 464 2341 docuit.
509 2274 599 2351 Quid
614 2275 699 2342 enirn
715 2289 764 2341 est
777 2273 897 2353 minis,
914 2297 981 2339 non
996 2273 1069 2339 dico
1083 2273 1228 2351 oratoris,
1244 2273 1300 2338 sed

121 2356 273 2436 hominis,
296 2357 394 2447 quim
418 2358 454 2424 id
468 2360 605 2448 objicere
619 2362 809 2440 adversario,
832 2360 920 2449 quod
943 2360 1034 2426 illesi
1049 2359 1147 2426 verbo
1162 2357 1299 2447 negitrit,
1313 2367 1356 2432 75

119 2442 250 2532 longiis
272 2446 423 2533 progredi
444 2467 513 2516 non
532 2447 641 2533 possit,
664 2448 719 2536 qui
745 2444 935 2535 objeceriti,
965 2448 1011 2512 At
1025 2470 1085 2534 ego
1107 2466 1174 2510 non
1196 2467 1298 2532 negot

121 2541 221 2615 teque
234 2531 269 2594 in
284 2530 344 2595 isto
364 2533 435 2619 ipso
459 2534 616 2600 convinco
630 2555 697 2598 non
719 2533 962 2597 inhumanitatis
986 2530 1098 2609 solum,
1120 2530 1175 2595 sed
1201 2532 1298 2596 etiam

122 2617 296 2693 amentioe3
318 2617 405 2704 quod
414 2620 499 2685 enim
511 2618 641 2684 verbum
656 2621 688 2682 in
703 2619 772 2683 istis
786 2618 885 2683 literis
898 2628 956 2691 est,
967 2637 1032 2681 non
1042 2616 1172 2702 plenum
1185 2614 1298 2681 huma·

120 2701 245 2779 nitatis,
276 2702 381 2783 officii,
414 2702 669 2770 benevolentiae?
712 2703 820 2770 Omne
844 2715 950 2767 autem
975 2702 1095 2765 crimen
1122 2714 1213 2765 tuum
1238 2711 1296 2779 est,
1327 2763 1330 2778 ,

124 2786 215 2874 quod
229 2789 270 2853 de
284 2801 316 2872 te
328 2790 361 2854 in
376 2789 426 2855 his
439 2788 539 2856 literis
555 2811 622 2854 non
637 2789 722 2856 male
737 2789 914 2855 existimem
927 2811 936 2864 3
960 2784 1048 2874 quod
1063 2786 1199 2851 scribam
1215 2797 1296 2850 tam·
1308 2798 1351 2857 80

123 2895 219 2959 uquam
238 2874 286 2950 ¹ad
304 2876 416 2954 civem,
439 2879 603 2964 tamquam
627 2876 670 2941 ad
691 2875 813 2942 bonum
836 2875 960 2950 virum5
984 2895 1051 2938 non
1072 2886 1235 2960 tamquam
1253 2872 1296 2938 ad

121 2960 308 3028 sceleratum
333 2976 366 3029 et
390 2962 559 3028 latronem.
602 2963 648 3027 At
662 2977 808 3051 egoqtuas
828 2962 947 3039 literas,
970 2960 1028 3025 etsi
1044 2961 1118 3046 jure
1139 2970 1295 3045 poteram,

110 3041 143 3120 d
156 3060 187 3111 te
201 3047 373 3127 lacessitus,
395 3062 503 3114 tamen
517 3070 584 3113 non
598 3048 778 3136 proferam
824 3047 916 3113 uibus
935 3047 1028 3133 petis,
1051 3054 1087 3112 ut
1100 3046 1158 3112 tibi
1172 3067 1230 3146 per
1244 3067 1297 3110 me

119 3130 213 3198 liceat
227 3135 400 3222 quemdam
414 3134 456 3200 de
470 3134 583 3200 exsilio
596 3133 764 3213 reducere3
787 3073 899 3222 adjura
938 3157 986 3212 ue,
1003 3133 1035 3198 id
1055 3145 1096 3211 te,
1119 3135 1219 3198 invito
1233 3152 1296 3207 me,

120 3238 189 3283 non
202 3242 270 3284 esse
284 3221 459 3288 facturum:
483 3219 581 3309 idque
604 3218 691 3285 ame
712 3223 874 3308 impetras.
900 3156 1000 3296 sauid
1022 3220 1108 3285 enim
1130 3241 1183 3283 mc
1197 3217 1294 3280 inter·
1307 3229 1349 3290 85

156 3383 198 3428 58.
216 3379 272 3426 Cum
284 3381 319 3429 M.
332 3382 428 3448 Orotan]
460 3387 522 3437 Cum
540 3384 582 3434 illo
600 3385 695 3444 Crasso,
725 3401 778 3435 sare
788 3384 885 3447 scripta.

119 3444 221 3493 homine
231 3444 357 3501 ditissimo,
365 3449 406 3509 qui
413 3449 626 3511 peditiol’artbis,
634 3451 695 3500 rnul-
757 3455 800 3502 72.
816 3451 919 3500 librarii
929 3451 1020 3515 manu]
1038 3449 1294 3514 Scriptaerantiscri·

121 3519 155 3560 tro
172 3518 197 3558 et
216 3524 300 3572 graues
317 3509 412 3559 fuerunt
434 3512 542 3562 Ciceroni
556 3516 694 3573 inimicitia,
724 3515 815 3565 birine
827 3519 972 3566 amanuensi.

122 3575 181 3639 quia
200 3590 256 3623 eum
274 3573 443 3639 conjurationis
458 3593 512 3626 cnm
523 3579 693 3638 Caulinlinsi-
757 3581 795 3629 Is.
811 3580 864 3630 Jam
874 3584 959 3631 invideo
972 3581 1148 3658 magistrumn]
1181 3582 1294 3631 Hocles·

120 3640 238 3698 molurit3
254 3641 299 3689 sed
308 3643 586 3706 tamemproptarfilium,
595 3647 694 3711 quista·
726 3646 775 3695 tiri
783 3654 809 3694 et
819 3648 959 3697 mordaciter
968 3648 1054 3695 dicutur
1064 3645 1089 3692 in
1097 3645 1236 3695 Antonium.

122 3707 215 3754 diorum
225 3706 299 3755 causi
308 3706 448 3768 Ciceronem
459 3710 622 3769 meamus,
639 3727 694 3760 cnm
758 3715 798 3760 84.
818 3710 1072 3774 Ουειηάαπιὰαιὶὶὶο]
1098 3711 1293 3761 Enulsbattunc

123 3786 155 3818 co
166 3771 329 3822 mutam
339 3780 386 3821 est.
577 3777 583 3788 '
726 3778 812 3826 Sextus
822 3776 929 3832 Clodius.
946 3778 1026 3826 Publii
1033 3776 1103 3834 filias,
1120 3779 1208 3841 dequo
1218 3776 1294 3825 credi·

157 3837 199 3883 66.
215 3835 332 3895 Marulla,
348 3837 446 3903 limat]
485 3837 560 3886 Erant
576 3839 695 3891 hiadule·
724 3842 773 3891 bite
783 3850 819 3891 est
829 3842 894 3906 loqui
906 3844 1051 3892 Ciceronem.

120 3908 187 3949 tores
214 3899 321 3961 Antonii,
347 3905 434 3964 sicarii,
461 3904 553 3953 indocti
578 3905 693 3963 homines,
758 3907 797 3957 lb.
813 3908 858 3956 Ad·
873 3909 971 3973 mqua]
993 3907 1153 3971 Adjurareest
1158 3904 1293 3970 juramento

121 3966 211 4029 quibus
233 3965 325 4016 tantitm
344 3971 430 4021 domas
450 3978 475 4019 ct
496 3969 597 4018 dicem
617 3971 694 4020 videri
725 3974 840 4038 quidcon
892 3990 940 4023 are.
1312 3981 1314 3992 '

120 4037 225 4094 potent.
759 4043 799 4089 ⁸5.
818 4038 880 4093 Quid
895 4056 929 4086 me
944 4034 1120 4099 interponerem]
1153 4031 1293 4093 Cicerope·

155 4100 197 4146 71,
215 4095 252 4144 Aa
270 4097 441 4166 cMropuplwl]
472 4099 559 4150 Solent
576 4098 694 4164 chirogra-
725 4105 787 4153 tenti
795 4102 902 4153 Antonio
912 4104 989 4152 noluit
1004 4101 1119 4154 resistere,
1135 4097 1191 4161 quis
1204 4095 1295 4144 sciebat

122 4160 197 4224 pirum
205 4161 327 4225 appellare
336 4165 534 4229 quidquidmmio
543 4165 660 4215 scribitur.
725 4171 797 4220 abeo
813 4171 974 4218 reducendum
988 4181 1040 4214 esse
1051 4161 1171 4218 Clodium,
1188 4160 1228 4225 qui
1239 4159 1293 4225 lege
1374 4212 1377 4218 ,

155 4223 194 4273 Ib.
219 4226 338 4276 &Mino
363 4229 522 4295 quamnam]
572 4229 607 4279 ‘ld
635 4231 695 4280 dicit
724 4234 774 4283 tan
790 4234 909 4283 tensos
925 4233 977 4297 jam
995 4229 1296 4292 terlucezntuserutt<1²¹tt

121 4303 167 4351 pto
186 4298 222 4338 ter
231 4298 285 4341 acta
294 4293 405 4352 Cauris,
411 4295 580 4360 cujusnam
587 4296 693 4347 imitatas
725 4299 764 4350 lex
774 4298 800 4347 iu
811 4298 864 4364 ejus
874 4299 934 4347 actis
941 4303 1035 4360 reperta
1046 4301 1090 4342 est.

174 4358 692 4427 uptotnemumtontmumqamm·
