2959 4959
111 353 168 421 xir
464 344 516 414 Μ.
539 343 705 418 TULLII
729 343 986 414 CICERONIS

98 488 319 568 capesserent,
332 476 425 564 Reip
436 488 534 542 status
544 475 585 539 ab
593 474 638 540 eis
646 472 889 540 convelleretur:
903 470 1001 538 Rullo
1010 472 1143 553 obstitit,
1151 494 1189 539 ac
1196 476 1335 564 primam

111 568 146 632 in
158 588 241 644 eum,
253 564 432 641 secundam,
442 577 475 626 et
482 561 604 625 tertiam
616 562 792 628 orationem
805 558 1012 625 Consularem
1021 558 1141 661 babuit,
1152 573 1220 626 tum
1230 562 1262 626 in
1276 563 1335 629 Se·

110 665 200 728 natu,
216 665 284 716 tum
295 650 335 715 ad
346 647 496 735 populum
505 670 513 722 3
530 645 694 733 effecitque
705 658 740 710 ut
753 645 895 731 Respub.
905 666 1022 732 magno
1033 644 1236 732 largitionum
1245 661 1334 714 metu

110 736 312 803 liberareturz
326 734 489 801 Othonem
498 731 617 818 populo
626 731 817 800 conciliavit:
832 753 906 795 nam
916 729 969 795 ille
978 730 1107 794 veniens
1117 731 1150 795 in
1163 732 1332 814 theatrum,

110 822 184 888 cdm
199 822 314 909 partim
329 820 369 883 ab
383 817 540 905 equitibus
553 839 677 881 summo
686 815 812 902 plausu,
827 817 944 901 partim
958 815 978 881 ri
991 815 1084 902 plebe
1096 816 1197 883 sibilis
1211 832 1243 885 et
1256 841 1335 885 con·

109 908 199 974 viciis
207 907 413 992 exciperetur,
425 925 463 968 ac
473 903 552 967 nihil
563 900 664 989 prope
679 902 810 978 abesset,
820 901 898 988 quin
908 901 1010 966 coedes
1021 903 1180 989 utrimque
1193 905 1335 970 maxima

109 991 211 1070 fieret,
229 993 340 1057 Cicero
357 987 487 1067 Consul,
502 990 590 1053 cu‘us
600 987 672 1054 ‘erat
685 987 779 1052 saluti
793 988 908 1053 civium
922 988 1112 1074 prosp'uere,
1128 989 1284 1075 populum
1297 992 1332 1056 in

109 1079 294 1145 concionem
306 1074 347 1139 ad
358 1073 459 1139 oedem
473 1013 615 1140 Bellona
625 1073 828 1149 morocoria
844 1072 1017 1160 effecitque,
1027 1087 1060 1139 et
1068 1073 1333 1159 reprehendendo

108 1176 142 1229 et
178 1159 287 1227 aternb
301 1159 512 1238 admonendo,
528 1173 563 1224 ut
576 1160 712 1223 universi
726 1159 767 1223 ad
783 1158 940 1223 theatrum
955 1160 1117 1224 reversim
1184 1184 1204 1225 o
1218 1160 1332 1246 plausu

108 1185 351 1314 Otlionemexci
395 1259 480 1311 rent:
504 1244 588 1331 apud
599 1245 752 1331 populum
767 1241 842 1308 verb
859 1243 1026 1310 Rabirium
1037 1244 1128 1309 defen
1154 1248 1187 1323 it,
1204 1246 1265 1323 cui,
1281 1246 1333 1312 in·

107 1334 244 1420 stigante
260 1332 298 1397 C.
312 1331 333 1397 J
335 1356 354 1397 u
368 1333 399 1395 io
414 1331 552 1408 Caesare,
567 1330 634 1394 dies
649 1328 873 1415 perduellionis
886 1326 907 1392 a
922 1329 1067 1395 Labieno
1080 1330 1183 1396 dictus
1198 1345 1275 1396 erat.
1329 1387 1332 1392 r

13 1439 25 1450 ·
55 1471 65 1482 .
150 1423 196 1483 At
210 1418 383 1504 prresertim
395 1416 553 1494 Catilinas,
566 1413 828 1501 perniciosissime
837 1415 980 1480 omnium
993 1415 1034 1480 de
1049 1416 1174 1501 Repub.
1186 1418 1332 1503 cogitan-

105 1504 158 1582 tis,
172 1502 267 1592 fregit
281 1501 455 1580 audaciam,
465 1513 497 1566 et
510 1502 696 1586 compressit
709 1501 854 1586 impetus.
900 1499 983 1565 Crim
997 1501 1082 1565 enirn
1097 1500 1151 1566 ille
1165 1504 1220 1566 vix
1233 1502 1330 1569 ferret

104 1590 315 1675 antepositum
328 1587 387 1652 sibi
401 1587 494 1652 fuisse
505 1587 538 1650 in
550 1585 725 1652 Consulatu
738 1585 878 1671 petendo
889 1586 1086 1665 Ciceronem,
1096 1608 1186 1652 arma
1195 1610 1253 1675 per
1263 1588 1330 1655 Ita·

103 1674 266 1742 liamlocia
276 1673 464 1773 opportunis
495 1684 655 1748 araverat3
671 1670 744 1759 qud,
754 1693 792 1736 ac
803 1672 977 1758 praesertim
990 1670 1138 1751 Faesulaa,
1148 1675 1327 1759 pecuniam,

104 1759 164 1825 suit
177 1772 232 1825 aut
245 1780 419 1823 amicorum
436 1758 459 1822 fi
483 1782 499 1823 e
514 1773 682 1844 sumptam,
697 1756 738 1821 ad
754 1756 794 1823 C.
812 1756 972 1823 Manlium
987 1759 1203 1824 centurionem
1219 1772 1329 1847 porta·

102 1845 169 1925 bat,
192 1844 369 1932 multosque
382 1844 441 1909 sibi
464 1845 598 1930 cujusvis
612 1844 736 1931 generis
759 1842 903 1909 homines
917 1843 1120 1933 adjungebat,
1142 1845 1256 1932 quibus
1274 1848 1328 1933 ju·

102 1931 249 1997 rantibus
263 1944 318 1995 aut
334 1929 454 1995 Consul
469 1931 698 2018 insequentem
713 1951 833 1993 annum
847 1927 1076 2015 designaretur,
1096 1943 1153 1995 aut
1167 1931 1328 2019 Rempub.

102 2017 249 2104 perderet
255 2040 265 2094 3
287 2016 320 2081 id
337 2017 390 2081 ubi
404 2028 602 2102 compertum
617 2014 728 2078 habuit
745 2014 870 2089 Cicero,
886 2014 995 2078 retulit
1008 2015 1049 2078 ad
1064 2017 1232 2094 Senatum
1255 2018 1326 2104 pla·

101 2104 239 2191 cuitque,
263 2115 298 2165 ut
318 2101 512 2186 adplenum,
535 2122 607 2186 quae
629 2096 767 2162 ambitirs
781 2098 907 2161 crimini
928 2100 1100 2163 constituta
1113 2113 1191 2177 erat,
1215 2102 1327 2169 decem

101 2209 259 2254 annorum
273 2185 417 2249 exsilium
432 2183 576 2269 legelatia
585 2183 625 2247 ad
636 2181 790 2269 populum
805 2181 982 2246 adderetur.
1028 2183 1203 2249 Ferebatur
1212 2184 1326 2252 eudem

24 2327 28 2334 ,
99 2271 180 2360 lege,
203 2293 244 2336 ne
269 2270 408 2348 biennio,
431 2291 495 2355 quo
520 2270 590 2354 quis
613 2281 735 2353 peteret
757 2268 986 2355 magistratum,
1016 2269 1209 2353 petiturusve
1227 2273 1326 2353 'esset

98 2356 290 2446 gladiatores
304 2355 404 2433 daret,
427 2354 488 2417 nisi
511 2375 552 2417 ex
566 2365 754 2419 testamento
767 2350 945 2438 praestitutb
965 2351 1026 2417 die.
1072 2354 1154 2419 cnm
1177 2353 1239 2420 huc
1252 2358 1326 2447 lege

98 2443 165 2529 peti
190 2465 223 2507 se
249 2438 387 2506 Catilina
406 2439 625 2516 arbitraretur,
655 2438 804 2524 adjuncti
830 2437 890 2503 sibi
912 2437 1134 2504 sceleratorum
1156 2439 1325 2510 bominum

98 2549 206 2607 manu,
228 2525 406 2592 interficere
422 2525 610 2591 Ciceronem
632 2524 665 2589 in
683 2526 808 2609 Campo
830 2536 961 2589 conatus
974 2521 1030 2602 est,
1054 2537 1092 2590 ut
1104 2548 1142 2591 eo
1157 2526 1323 2595 interfecto

97 2614 203 2679 statim
231 2611 351 2678 Consul
365 2611 595 2696 designaretur.
655 2609 729 2688 Sed,
753 2610 825 2675 ctlrn
851 2609 956 2695 pridie
978 2609 1062 2676 illius
1083 2611 1146 2677 diei
1174 2611 1323 2680 Catilina

96 2700 229 2765 consilia
244 2698 359 2764 Cicero
372 2697 413 2768 ad
429 2699 582 2764 Senatum
596 2696 767 2774 detulisset,
791 2695 906 2761 factum
921 2706 968 2760 est
980 2696 1322 2780 Senatus-consultum,

94 2807 138 2850 ne
150 2797 280 2871 postero
293 2782 347 2847 die
367 2782 495 2848 comitia
514 2777 717 2859 haberentur,
740 2796 777 2847 ut
798 2781 839 2846 de
860 2782 899 2846 iis
913 2782 1007 2847 rebus
1030 2783 1083 2870 agi
1097 2798 1202 2883 posset
1214 2785 1248 2850 iu
1263 2789 1322 2853 Se·

93 2884 191 2938 natu:
214 2871 320 2957 itaque
346 2868 497 2954 postridie
519 2868 676 2957 frequenti
697 2867 818 2934 Senatu
844 2867 1015 2933 Catilinam
1036 2869 1195 2947 excitavit,
1212 2872 1320 2956 jussit-

118 2977 157 3020 ue
171 2955 208 3019 iis
230 2953 270 3018 de
284 2953 378 3018 rebus
398 2954 514 3032 dicere,
537 2977 609 3041 quae
622 2953 664 3018 ad
678 2976 711 3018 se
733 2953 837 3018 ullatae
851 2967 962 3017 essent
1007 2951 1098 3017 Nihil
1111 2954 1320 3023 dissimulavit

146 3041 254 3118 tilina3
277 3039 421 3127 dixitque
433 3040 500 3105 duo
512 3060 649 3125 corpora
662 3061 729 3104 esse
751 3040 784 3102 in
801 3037 927 3125 Repub.
950 3060 1050 3103 unum
1072 3038 1176 3105 debile
1190 3041 1320 3108 infirmo

95 3125 208 3213 capite,
235 3125 368 3190 alterum
391 3125 520 3190 firmum
546 3124 613 3190 sine
638 3125 761 3211 capite-3
783 3122 868 3202 buic,
890 3121 963 3188 crim
982 3124 1029 3188 ita
1050 3123 1091 3189 de
1115 3149 1148 3190 se
1171 3129 1319 3206 meritum

41 3265 46 3274 .
93 3213 183 3291 esset,
199 3230 295 3297 caput
318 3234 351 3277 se
364 3212 436 3275 sivo
450 3233 516 3276 non
530 3210 722 3275 defuturum.
768 3209 819 3275 Eo
833 3209 959 3274 interim
981 3209 1043 3293 die,
1066 3210 1099 3275 id
1114 3224 1170 3290 est,
1193 3213 1318 3279 decimo

93 3309 207 3363 octavo
232 3294 403 3384 antequam
428 3297 564 3382 primam
579 3298 754 3362 orationem
782 3294 896 3360 Cicero
910 3307 1023 3360 contra
1038 3295 1209 3362 Catilinam
1223 3299 1324 3377 dixit,
1359 3367 1363 3372 ,

92 3383 211 3448 facturn
233 3395 280 3446 est
302 3381 642 3460 Senatus-consultum,
670 3395 706 3446 nt
719 3381 862 3446 viderent
877 3380 1042 3457 Consules,
1065 3403 1108 3446 ne
1127 3382 1204 3470 quid
1219 3383 1319 3450 detri-
1339 3459 1342 3462 ,

93 3467 194 3533 menti
208 3479 334 3552 caperet
352 3467 490 3552 Respub.
520 3467 632 3554 ltaque
649 3467 763 3533 Cicero
774 3489 825 3531 res
839 3478 985 3531 externas
1010 3465 1055 3543 Q.
1072 3459 1208 3533 Metello
1230 3491 1319 3535 coru·

91 3552 188 3630 misit,
211 3554 276 3637 ipsc
290 3550 366 3616 verb
390 3552 478 3617 urbis
496 3575 605 3618 curam
629 3555 775 3639 suscepit.
820 3550 902 3618 Cirm
925 3564 1031 3617 autem
1052 3553 1146 3618 sciret
1171 3554 1319 3623 homines
1426 3585 1435 3646 ,³

91 3640 275 3725 corrjuratos
297 3638 331 3701 in
358 3637 516 3723 Campum
541 3638 581 3704 ad
606 3638 734 3704 comitia
759 3635 883 3715 deduci,
913 3637 980 3724 ipse
1007 3637 1171 3705 descendit
1194 3640 1317 3727 ingenti

89 3722 191 3791 loricit
204 3736 314 3801 tectus,
337 3722 517 3788 firmissimo
530 3723 695 3792 hominum
714 3724 864 3810 prasidio
879 3724 1022 3809 stipatus.
1067 3723 1193 3805 careri,
1203 3726 1259 3814 qui
1269 3727 1318 3793 ri·

38 3831 46 3850 r
90 3809 210 3876 debant
238 3807 410 3874 Consulem
439 3809 621 3896 periclitari,
658 3810 699 3874 ad
727 3811 794 3897 ejus
821 3807 1035 3876 defensionem
1063 3824 1314 3879 concurrerunt:

89 3892 189 3983 quare
219 3892 367 3959 Catilina
394 3906 427 3960 et
459 3895 594 3964 Antonii
621 3895 729 3995 copias
761 3907 794 3961 et
821 3909 969 3961 conatum
994 3898 1189 3981 compressit,
1225 3897 1318 3966 nullo

89 3979 230 4045 tumultu
258 3980 405 4045 excitato.
473 3980 550 4048 Ha,
565 3983 700 4046 comitiis
732 3978 848 4046 iterdtu
878 3981 1017 4046 Catilina
1043 3982 1202 4067 repulsam
1231 3984 1314 4050 tulit.

89 4063 176 4131 Nam
192 4066 237 4131 D.
260 4065 374 4131 Junius
397 4064 533 4144 Silanus,
556 4078 588 4132 et
602 4067 643 4132 L.
658 4065 802 4133 Licinius
823 4065 972 4146 Murena,
989 4067 1143 4133 Consules
1156 4068 1314 4156 designati

88 4162 173 4216 aunt.
225 4149 346 4216 Verium
371 4149 441 4216 edm
469 4151 590 4217 videret
620 4151 759 4217 Catilina
787 4175 860 4219 suos
888 4165 1019 4219 conatus
1047 4174 1157 4218 omnes
1185 4153 1313 4219 inutiles
1364 4223 1369 4229 .

87 4236 192 4312 fuisse,
218 4239 399 4322 conjuratos
412 4249 505 4302 nocte
526 4238 560 4302 in
578 4236 630 4302 M.
650 4237 758 4303 Porcii
778 4238 883 4304 Loecae
903 4237 1034 4303 domum
1056 4240 1251 4317 convocarit,
1273 4238 1315 4306 eb

87 4320 244 4400 videlicet,
276 4344 349 4410 quae
375 4336 541 4410 posterum
570 4322 655 4389 diem
681 4323 848 4392 Nonarum
877 4322 1048 4392 Novemb·
1061 4337 1231 4393 consecuta
1253 4338 1313 4394 est.
