2959 4959
102 358 169 417 ret
610 340 705 410 PRO
727 338 903 407 efflatu

158 476 309 552 mittalm
330 466 505 545 tantdmdn'
518 469 826 557 mediorelinquarn.
871 468 907 535 Si
921 492 995 557 qum
1008 473 1074 535 ima
1099 480 1199 554 napta
1219 462 1336 565 mulier

160 563 290 626 domam
317 584 407 626 suam
431 558 610 646 patefecerit
633 558 778 621 omnium
803 555 992 640 cupiditati,
1013 556 1186 642 palamque
1209 574 1273 650 sese
1296 562 1336 648 tta

159 647 341 713 meretriciis
362 646 429 711 uitri
454 642 627 719 oollocdriu
654 645 798 727 virorum
820 642 1086 706 alienissimorum
1112 640 1335 706 conviviis‘utt

107 735 348 809 animatorum
369 733 394 797 si
410 732 471 796 hoc
485 733 519 794 in
533 731 622 807 urire,
646 730 672 792 si
695 731 729 792 iu
753 729 863 806 hortis,
886 728 914 791 si
938 727 974 790 in
999 727 1151 815 Baiarum
1175 723 1232 789 illd
1254 720 1335 788 cde·

98 892 104 897 ,
159 821 285 898 britate,
301 819 409 891 facien
431 819 457 879 si
473 816 612 901 denique
625 818 669 878 ita
690 837 759 878 sese
780 827 880 900 geret,
903 835 971 877 noir
992 813 1118 877 incessu
1142 812 1256 887 saltim,
1279 805 1343 875 sod.

159 898 274 971 ornata
301 920 394 991 atque
416 902 586 978 comitatu3
620 922 687 964 non
710 900 881 987 flagranti&
894 899 1073 974 oculorum,
1096 920 1163 961 non
1190 896 1336 961 libertas

125 1040 128 1045 -
160 992 323 1067 sermonis,
354 988 409 1053 sed
437 988 533 1051 etiam
555 987 738 1072 complexu,
769 986 973 1063 osculitionc,
995 986 1095 1072 aquis,
1119 983 1341 1071 navigatione.

160 1077 320 1152 corrririis,
351 1087 466 1138 utnon
488 1072 591 1137 soltlm
617 1074 778 1151 meretrix,
809 1072 864 1137 sed
889 1074 985 1137 etiarn
1008 1090 1140 1156 procax,
1167 1071 1335 1142 videntum

107 1172 229 1228 40cum
247 1161 306 1224 lde
321 1161 347 1222 si
362 1161 434 1246 quis
456 1159 640 1224 adolescens
658 1157 743 1223 forte
764 1159 870 1236 suerit,
892 1158 998 1223 utrirm
1023 1157 1075 1219 hic
1100 1156 1169 1231 tibi,
1194 1154 1234 1219 L.
1262 1153 1339 1217 Hc·

159 1247 259 1321 renni,
291 1245 426 1323 adulter,
460 1268 503 1309 au
532 1261 672 1322 amator3
706 1267 893 1331 expugnare
918 1242 1115 1330 pudicitiam,
1138 1262 1178 1304 an
1204 1238 1341 1324 explere

157 1331 323 1395 libidinem
347 1331 492 1408 voluisse,
520 1330 688 1395 videatur?
732 1331 915 1396 Obliviscor
929 1332 996 1416 jem
1019 1328 1163 1413 injurias,
1198 1325 1334 1389 Clodia:

157 1417 284 1502 depono
298 1418 486 1481 memoriam
501 1418 622 1482 doloris
641 1418 723 1481 mei:
746 1439 818 1504 quoe
842 1417 900 1481 abs
924 1431 956 1479 te
979 1414 1150 1478 crudeliter
1174 1411 1207 1474 in
1232 1432 1334 1486 meos,

157 1522 207 1566 me
233 1504 372 1580 absente,
396 1504 583 1581 factasunt,
611 1503 759 1590 negligo:
789 1525 831 1566 ne
859 1503 926 1567 sint
950 1501 1019 1565 hee
1043 1500 1077 1562 in
1103 1512 1135 1561 te
1157 1497 1242 1560 dicta
1260 1516 1338 1580 quas

102 1603 142 1661 45
156 1588 244 1653 dixi:
267 1591 321 1653 scd
335 1612 378 1653 ex
393 1604 424 1653 te
439 1590 510 1674 ipsis
524 1590 661 1676 requiro,
684 1590 836 1675 quoniam
858 1602 892 1651 et
913 1588 1035 1651 crimen
1059 1596 1258 1649 accusatores
1281 1581 1340 1645 abs

156 1689 197 1752 te,
221 1689 252 1738 et
265 1689 377 1740 testem
391 1678 458 1761 ejus
474 1676 617 1740 criminis
630 1689 661 1739 tc
675 1676 788 1760 ipsam,
804 1674 917 1737 dicunt
930 1695 963 1736 se
977 1671 1114 1735 haberer
1138 1669 1165 1733 si
1180 1690 1244 1755 qua
1266 1688 1337 1731 mo-

155 1759 214 1823 lier
229 1761 269 1824 sit
284 1760 476 1847 hujusmodi,
500 1761 625 1849 qualem
641 1782 702 1847 ego
718 1760 815 1845 paulo
829 1759 904 1824 ante
917 1758 1079 1841 descripsi,
1101 1757 1148 1821 tui
1160 1752 1335 1845 dissimilis¹

156 1845 223 1910 vita
248 1848 456 1934 institutoque
480 1847 670 1923 meretricio,
693 1868 767 1929 cum
791 1843 853 1909 uto
877 1844 997 1932 aliquid
1023 1842 1255 1929 adolescentem
1276 1838 1335 1905 ho·

157 1933 277 1997 minem
297 1933 446 1998 habuisse
468 1935 610 2009 rationis,
645 1955 724 1996 nunt
751 1932 809 1997 tibi
833 1946 985 2017 perturpe
1007 1943 1062 1994 aut
1084 1928 1333 2014 perflagitiosum

103 2034 144 2103 50
158 2018 405 2083 essevideatar'l
451 2018 498 2083 Es
513 2022 538 2087 si
554 2033 669 2084 utnon
684 2042 717 2083 ea
739 2020 836 2103 (sicut
858 2024 921 2106 ego
944 2015 1053 2092 malo),
1077 2014 1154 2101 quid
1177 2026 1224 2077 est
1247 2011 1334 2109 quod

157 2106 308 2189 objiciant
325 2104 454 2169 Coelio?
487 2106 543 2169 Sin
559 2126 629 2168 eam
645 2118 676 2167 tc
691 2106 804 2168 volunt
824 2126 902 2179 esse,
924 2100 1004 2188 quid
1029 2115 1087 2178 est,
1110 2122 1168 2164 cur
1193 2122 1251 2163 nos
1272 2118 1335 2162 crt-

157 2211 229 2252 men
246 2191 315 2265 hoc,
340 2191 366 2252 si
381 2204 414 2253 tu
429 2192 615 2267 contemnis,
631 2186 913 2274 pertimescamus?
957 2185 1080 2263 Quard,
1092 2186 1237 2250 nobisda
1248 2185 1332 2247 viam

156 2276 376 2359 rationemque
389 2274 598 2349 defensioni„
622 2297 696 2337 nam
719 2290 774 2339 sut
798 2274 903 2360 pudor
927 2273 1183 2363 tuusxdefendet,
1205 2268 1285 2334 nihil
1309 2267 1332 2333 si

158 2357 208 2421 M.
221 2358 324 2433 Coelio
339 2358 530 2441 petulantids
543 2382 611 2424 esse
626 2359 764 2431 factum3
787 2376 843 2423 aut
857 2358 1056 2444 impudentia
1067 2373 1100 2423 et
1110 2359 1185 2423 huic
1194 2372 1226 2424 et
1235 2368 1333 2421 coete-

74 2482 79 2489 ·
103 2460 141 2516 55
158 2443 201 2505 ris
216 2440 375 2530 magnam,
390 2444 430 2508 ad
445 2468 479 2508 se
494 2446 738 2524 defendendum,
753 2445 935 2510 inuolutam
950 2444 1052 2510 dabit.

201 2528 264 2592 IX.
293 2530 366 2607 Sed,
394 2532 545 2617 quoniam
565 2533 728 2596 emersisse
745 2530 855 2619 jaind
883 2529 982 2608 vadis,
1012 2544 1046 2595 ct
1073 2531 1221 2615 scopum
1249 2551 1332 2615 prse-

155 2628 293 2680 terveota
329 2616 452 2680 videtur
485 2618 588 2682 oratio
623 2641 704 2696 mea,
741 2619 901 2704 perfacilis
937 2617 1018 2681 mihi
1050 2618 1189 2704 reliquus
1222 2638 1332 2680 cursus

156 2702 345 2767 ostenditur.
392 2703 658 2768 Duosuntenim
686 2705 831 2782 crimina,
862 2703 928 2768 una
956 2705 991 2766 in
1021 2704 1162 2778 muliere,
1191 2724 1332 2766 summo·

155 2809 226 2851 rum
269 2788 469 2853 facinorum:
510 2791 589 2867 auri,
619 2791 705 2877 quod
735 2806 897 2876 sumptum
927 2790 947 2852 d
978 2787 1095 2853 clodia
1120 2788 1258 2865 dicitur3
1292 2801 1331 2854 ot

124 2876 279 2955 5reneni,
309 2874 406 2960 quod,
434 2876 573 2960 ejusdem
599 2876 725 2940 Clodloe
743 2877 897 2940 necanda
916 2874 1023 2953 aust,
1045 2873 1173 2961 parasse
1190 2876 1329 2940 Coelium

77 3005 80 3013 .
155 2960 377 3025 criminantur.
427 2964 549 3025 Aurum
575 2963 718 3046 sumpsit,
745 2975 781 3026 ut
806 2962 920 3040 dicitis,
943 2961 1030 3049 quod
1052 2961 1093 3025 L.
1116 2961 1249 3025 Lucccii
1265 2982 1332 3026 ser·
1385 2962 1391 2971 ’

154 3045 201 3107 vis
216 3044 317 3119 daret,
344 3068 403 3129 per
415 3068 496 3133 quos
512 3047 750 3112 Alexandrinus
765 3049 842 3125 Dio,
870 3048 1017 3134 quitum
1042 3046 1129 3132 apud
1155 3046 1330 3112 lucceiuru

155 3130 327 3207 habitabat,
351 3146 527 3196 necaretur.
574 3133 733 3217 Magnum
748 3134 881 3211 crimen,
897 3134 947 3197 vel
955 3135 988 3197 in
1004 3133 1115 3219 legatis
1129 3133 1327 3211 insidiandis,

14 3290 17 3297 Ι
153 3216 202 3278 vcl
219 3217 253 3280 in
272 3218 369 3280 serris
384 3216 426 3281 ad
442 3218 599 3302 hospitem
614 3211 739 3283 domini
750 3219 931 3285 necandum
949 3219 1155 3284 sollicitandis
1165 3244 1174 3295 3
1197 3219 1329 3304 plenum

17 3316 19 3321 ’
103 3301 279 3372 losccleris
309 3303 486 3379 consilium,
521 3301 648 3386 plenum
680 3305 829 3369 audacias.
878 3305 954 3381 Quo
980 3304 1108 3391 quidem
1136 3306 1169 3367 in
1195 3305 1330 3369 crimine

153 3385 291 3469 primdm
307 3387 387 3451 illud
403 3388 572 3473 requiram,
593 3388 769 3455 dixerit-ne
794 3390 929 3468 Clodia,
952 3390 1104 3477 quemad
1125 3413 1191 3455 rem
1215 3414 1329 3457 aurum

153 3484 221 3534 tum
236 3485 384 3567 sumeret,
406 3495 446 3535 au
462 3495 529 3536 non
544 3473 687 3540 dixerit?
712 3478 835 3543 Sinon
857 3476 949 3555 dixit,
972 3498 1030 3541 cur
1051 3475 1165 3543 dedit?
1186 3476 1213 3541 si
1233 3477 1327 3556 dixit,

184 3637 223 3683 32.
243 3633 272 3681 ln
291 3635 361 3682 medio
368 3636 513 3701 relinquam]
525 3637 660 3704 Unicuique
670 3656 723 3704 pcr-
788 3645 828 3691 43.
847 3642 995 3707 onemo]
1029 3641 1128 3691 Familia
1146 3641 1266 3690 Ciceronis
1282 3641 1326 3689 ui·

152 3701 232 3757 mittit,
243 3706 270 3747 ut
279 3700 310 3747 dc
320 3700 349 3747 cd
360 3702 390 3747 ad
402 3703 520 3750 arbitrium
530 3705 705 3767 suumjudicet.
755 3708 805 3754 scre
814 3708 827 3754 ir
837 3707 957 3755 Clodianis
966 3715 1052 3755 rexata
1061 3715 1106 3763 cst,
1117 3706 1171 3754 clun
1181 3709 1230 3772 ipse
1242 3708 1267 3754 iu
1284 3723 1328 3755 ex·

183 3768 224 3815 3³.
250 3764 279 3813 lu
299 3766 420 3813 meretricid
439 3768 485 3815 tut
503 3770 636 3835 cernetur]
673 3771 723 3819 Ne·
754 3771 830 3819 silium
842 3772 907 3819 abiit.
926 3773 989 3820 Vide
1002 3774 1069 3820 Orat.
1080 3786 1125 3836 pto
1134 3772 1222 3820 Domo.

151 3832 209 3879 mini
227 3830 317 3881 mulieri
332 3840 447 3895 quartum
466 3849 509 3880 suo
527 3850 626 3898 corpore
643 3836 722 3884 secere
786 3840 826 3885 47.
845 3836 1030 3901 ratusratus]
1064 3836 1277 3902 IronicEloquitur.

151 3895 226 3954 licuit,
237 3896 342 3959 nisique
352 3897 471 3947 licentiam
480 3900 555 3961 stupri
565 3902 628 3962 apud
638 3902 720 3948 ediles
786 3907 809 3951 1.
824 3900 937 3952 &astu
950 3901 963 3950 ἑ
979 3902 1062 3966 ondit]
1095 3901 1217 3967 Allegoria
1232 3910 1329 3968 sumpta

151 3962 278 4028 vulgasset.
304 3962 366 4011 Vide
377 3961 493 4019 Tacitum,
506 3966 549 4011 sub
558 3964 627 4013 linctu
636 3969 659 4012 2.
678 3966 718 4012 lib.
752 3966 831 4014 dnar’
850 3968 952 4018 antibus.

150 4025 214 4076 dnn.
227 4028 263 4076 Es
273 4034 351 4075 autem
361 4026 418 4091 ipsis
428 4029 533 4075 conditio
543 4030 652 4092 imposita
666 4031 719 4087 fait,
785 4034 808 4079 6.
829 3984 937 4097 dean]
955 4032 1070 4081 Lucceius
1080 4033 1122 4080 ille
1134 4033 1179 4079 suit
1192 4033 1328 4087 historicus,

150 4094 237 4155 ntjnre
251 4094 365 4142 cederent
380 4102 405 4141 et
422 4094 538 4159 dignitate
555 4104 717 4145 mntrouarum.
752 4097 782 4144 sd
792 4112 863 4160 quem
874 4105 950 4146 exsut
961 4096 1083 4147 Ciceronis
1091 4098 1199 4163 epistola,

149 4154 247 4205 Inducit
267 4166 346 4206 autem
371 4162 504 4223 rtcmplmn
529 4161 718 4224 hypotheticum,
783 4164 808 4208 7.
825 4163 987 4210 Alsrnndrinar
1010 4163 1075 4230 Dia]
1109 4164 1150 4213 Dc
1169 4165 1215 4213 huc
1235 4162 1327 4212 dicun

148 4234 197 4285 quo
209 4225 352 4273 meretricem
363 4227 481 4277 ‹lescribit
750 4233 786 4274 est
796 4242 877 4291 parag.
887 4245 909 4274 v.
923 4227 938 4275 l.
951 4232 974 4276 4.

180 4288 220 4333 40.
246 4286 365 4353 Hereum]
399 4290 534 4341 Herennius
553 4306 612 4338 unus
627 4289 672 4338 tuit
688 4306 717 4338 er
796 4326 800 4331 -

146 4352 321 4399 accusatoribus
332 4354 410 4404 Coelii.
