2959 4959
127 375 201 424 m
307 330 316 340 “
415 351 467 418 Μ.
488 346 656 419 suurn
679 343 938 413 cronnoms
959 345 1087 413 v1m.

127 479 257 557 inferre,
272 492 308 545 ut
323 477 354 542 in
371 474 476 564 patriis
489 495 585 561 quam
599 485 778 537 servaverat
792 484 979 552 moreretur,
995 485 1028 538 et
1045 472 1178 540 cesam
1190 471 1375 560 perfidiam

130 578 288 654 argueret,
303 561 325 629 ὲ
338 586 403 652 quo
413 575 477 628 tam
491 554 606 647 ignave
619 557 824 645 prodebatur.
869 558 933 624 Sed
944 560 1143 625 cruciatuum
1153 574 1237 624 metu
1246 559 1373 646 depul-

130 675 194 730 sus,
217 652 316 717 servis
330 674 364 715 ae
377 648 418 714 ad
434 645 575 711 Caietam
591 643 826 730 deportandum
840 643 970 731 navigio
983 646 1152 723 commisit,
1167 645 1222 710 nbi
1236 644 1373 731 proedi⁸

128 736 279 804 habebnt.
323 735 376 802 Ad
389 730 552 798 Ciceronis
567 751 691 809 navem,
707 752 780 817 quae
793 730 833 794 ad
848 729 923 794 litus
938 729 1166 816 appellebatur‚
1181 732 1267 796 corvi
1281 751 1372 796 oon·

129 821 236 889 sertim
255 820 454 895 advollrrunt,
476 829 570 903 atque
580 837 622 880 ex
637 815 769 902 utrique
782 828 874 902 parte
888 831 1036 881 antennae
1055 816 1227 881 insidentes
1241 816 1372 903 purtim

62 987 66 996 ι
130 908 336 982 οτοοίῑὲιτυιιῑ,
351 904 467 990 partim
483 901 651 967 rudentum
664 904 770 986 capita
784 901 894 965 rostris
905 902 1109 966 tutuderunt:
1131 902 1218 1001 quod
1233 905 1373 991 signnm

110 993 301 1070 ‘infaustum
317 988 465 1055 omnibus
490 988 594 1052 visum
616 998 672 1052 est.
719 986 833 1052 Cicero
844 999 960 1064 temen,
973 1008 1125 1074 egressus,
1142 1009 1176 1051 ιιι
1191 987 1299 1053 villam
1329 1011 1372 1054 se

130 1078 259 1164 recepit,
283 1092 315 1142 et
329 1074 427 1163 quieti
441 1097 474 1160 se
497 1072 602 1138 dedite
626 1073 670 1138 ibi
692 1095 861 1138 corvorum
883 1095 1001 1160 magna
1025 1094 1099 1159 pars
1121 1073 1203 1138 tristi
1217 1095 1295 1144 voce
1319 1073 1373 1140 sd

130 1166 299 1229 fenestram
324 1160 460 1237 assedit;
482 1182 564 1225 nnus
586 1159 620 1223 in
635 1158 750 1224 lectum
776 1158 944 1236 devolavit,
966 1171 999 1223 et
1018 1171 1122 1223 rostro
1144 1172 1272 1236 vestem,
1295 1159 1373 1247 qua

133 1249 246 1314 Cicero
256 1245 361 1313 'tectus
375 1261 454 1326 erat,
469 1244 620 1331 paulatim
636 1245 677 1309 ab
687 1266 744 1309 ore
757 1244 855 1329 ipsius
869 1245 1012 1309 removit.
1047 1244 1136 1310 Servi
1145 1242 1217 1309 clm
1234 1244 1270 1308 id
1281 1266 1372 1330 pro·

130 1334 208 1420 digii
224 1332 376 1410 viderent,
391 1354 480 1397 susm
495 1331 651 1418 ignaviam
667 1329 728 1416 ipsi
742 1328 981 1407 damnaverunt,
997 1329 1024 1394 si
1038 1329 1146 1394 herilis
1157 1329 1253 1394 caedis
1267 1351 1370 1417 spec·

131 1433 248 1485 ratores
263 1442 328 1484 csse
347 1418 546 1494 sustinerent,
562 1437 664 1503 neque
678 1417 781 1500 ipsum
796 1414 1019 1480 defenderent:
1042 1415 1158 1500 partim
1173 1415 1272 1504 igitur
1284 1437 1371 1502 pre·

131 1505 231 1582 cibus,
257 1505 372 1590 partim
388 1504 418 1566 vi
432 1501 614 1585 impositum
626 1501 746 1565 lectieae
760 1500 800 1565 ad
815 1523 903 1566 mare
916 1499 1116 1566 detuleruntz
1138 1500 1266 1566 interim
1281 1523 1367 1587 per·

131 1613 274 1657 cussores
288 1585 456 1663 advenire,
468 1586 649 1652 Herennius
662 1586 862 1664 Centurio,et
872 1586 1027 1672 Popillius
1035 1585 1200 1652 Tribunus
1209 1587 1366 1668 militum,

129 1699 224 1828 zuein
239 1674 401 1763 parricidii
423 1696 513 1739 reum
538 1671 740 1738 defenderat:
764 1673 829 1760 qni,
852 1694 1065 1774 necunquam
1086 1695 1122 1736 re
1143 1695 1203 1738 nec
1226 1672 1325 1739 verbo
1343 1675 1366 1739 ri

162 1784 289 1828 rcerone
309 1751 410 1838 laesua
437 1759 500 1825 hoc
514 1758 574 1824 sibi
588 1758 716 1824 crudele
739 1759 921 1824 liberatoris
935 1781 985 1822 sur
1010 1758 1220 1826 mterficiendi
1240 1781 1364 1826 munus

129 1849 310 1915 Antonium
326 1860 502 1934 rogaverat.

175 1935 379 2000 Percussores
404 1931 477 1996 cdm
491 1931 573 1998 fores
595 1932 716 1997 clausas
738 1931 939 2009 invenissent,
963 1953 1014 1995 eas
1038 1931 1246 2019 effregerunt3
1269 1932 1367 1998 ciun-

20 2077 25 2084 ,
131 2043 195 2108 que
220 2020 334 2086 Cicero
348 2041 411 2083 non
437 2041 455 2083 a
479 2031 613 2102 pareret,
636 2017 714 2092 etii,
737 2018 792 2101 qui
813 2017 898 2080 intus
913 2029 1013 2091 erant,
1037 2016 1091 2079 ubi
1116 2032 1207 2092 esset,
1229 2018 1310 2083 scire
1325 2041 1365 2084 se

129 2106 307 2193 negrissent‚
322 2104 421 2169 lemur
465 2101 637 2199 hilologum
650 2100 831 2186 quemdam,
840 2099 955 2176 Quinti
967 2099 1073 2164 fratris
1085 2100 1246 2178 libertum,
1261 2124 1367 2187 quern

130 2192 224 2257 bonis
237 2189 357 2253 artibus
382 2199 414 2252 et
427 2186 601 2270 disciplima
620 2186 687 2270 ipse
715 2184 829 2248 Cicero
843 2185 1031 2270 instituerat,
1055 2183 1203 2250 Tribuno
1227 2185 1362 2268 dixisse,

130 2275 273 2340 lecticam
288 2293 345 2359 per
359 2271 513 2335 silvestres
527 2282 559 2335 et
579 2292 694 2355 opacas
706 2269 934 2334 ambulationes
948 2269 990 2334 ad
1004 2291 1092 2334 mare
1106 2269 1234 2335 deferri.
1279 2271 1363 2337 Tri·

130 2361 234 2426 bunus
248 2356 335 2424 recte
348 2377 405 2442 per
419 2355 545 2420 easdem
566 2369 741 2433 decurrens,
768 2355 955 2420 Ciceronem
981 2368 1029 2420 est
1041 2357 1218 2434 assecutum
1240 2369 1285 2435 at,
1299 2357 1364 2424 nbi

128 2445 220 2511 illum
234 2444 323 2522 vidit,
345 2442 458 2507 Cicero
472 2463 578 2506 servos
592 2440 734 2506 lecticam
750 2441 794 2506 ibi
809 2442 968 2527 deponere
985 2442 1089 2528 jussit,
1103 2454 1135 2507 et
1148 2456 1275 2528 paratos
1288 2443 1361 2510 for-

130 2532 205 2596 titer
216 2542 246 2595 et
261 2529 396 2594 fideliter
410 2527 451 2592 ed
465 2525 691 2604 dimicandum,
704 2526 827 2613 quietos
841 2528 906 2613 pati
917 2527 1004 2614 quod
1014 2549 1082 2591 sors
1096 2528 1206 2615 iniqua
1216 2543 1359 2617 cogeret.

133 2615 216 2682 Cdm
230 2613 369 2680 obsideri
382 2637 415 2679 se
429 2613 558 2678 armatis
571 2611 753 2677 homiuibus
767 2613 1005 2698 circumspexit:
1030 2613 1101 2700 Ego
1115 2612 1191 2677 verb
1205 2616 1360 2697 consisto,

130 2702 251 2790 inquit:
273 2717 306 2767 et
317 2714 469 2778 mentum,
492 2711 528 2764 ut
541 2712 756 2777 consueverat,
780 2711 922 2788 tangens,
946 2699 978 2761 in
993 2697 1230 2785 percussoribus
1244 2702 1359 2769 oculos

131 2802 312 2854 constanter
326 2787 409 2851 lixit:
427 2797 460 2850 et
472 2797 562 2849 extra
573 2784 714 2850 lecticam
730 2787 884 2850 cervicem
899 2785 1062 2852 immotam
1078 2785 1242 2870 praebenti,
1258 2799 1359 2874 caput

131 2872 301 2958 rpopillio
309 2873 476 2958 praecisum
488 2884 546 2945 est,
559 2893 630 2938 cum
642 2871 797 2948 manibus,
810 2871 924 2957 quibus
934 2870 1038 2956 Philip
1063 2871 1126 2935 icas
1136 2872 1360 2942 inAntonium

129 2960 307 3043 scripserat,
351 2956 459 3043 Caput
480 2956 585 3022 statim
610 2954 651 3021 ad
678 2957 854 3021 Antonium
872 2956 1008 3021 Romam
1034 2893 1173 3021 delatum
1187 2973 1244 3037 est,
1265 2962 1357 3047 quod

130 3058 204 3131 post
216 3042 317 3108 multa
329 3042 448 3126 probra
460 3043 543 3106 inter
556 3041 635 3106 duas
645 3063 757 3106 manus
771 3044 804 3105 in
818 3041 943 3106 Rostris
952 3042 1068 3126 posuit,
1083 3042 1139 3107 ubi
1150 3041 1204 3110 ille
1220 3045 1355 3127 Consul,

132 3131 187 3198 ubi
268 3128 287 3191 d
304 3127 497 3204 Consularis,
514 3126 569 3190 ubi
582 3125 729 3191 defensor
748 3129 906 3192 bonorum
920 3127 1074 3205 omnium,
1099 3130 1212 3213 patrias
1226 3152 1355 3215 parens,

134 3215 234 3286 Urbis
261 3214 407 3292 iberator,
420 3225 452 3277 et
460 3226 663 3278 conservator
672 3212 800 3289 civium,
811 3213 850 3277 eb
860 3211 1049 3299 eloquentiae
1058 3212 1276 3296 admiratione,
1288 3217 1356 3306 qud

130 3300 221 3370 nulla*
234 3322 372 3386 unqusm
388 3300 506 3385 majore
519 3313 593 3363 ante
607 3319 689 3377 eum,
701 3298 789 3364 nulla
800 3311 873 3384 post
885 3321 968 3378 eum,
981 3299 1107 3366 auditus
1120 3312 1177 3365 est.
