2959 4959
33 267 36 474 l
165 354 234 415 448·
639 343 923 415 PHILIPPICA
945 350 994 416 11.

167 489 297 548 somen
318 493 438 557 perere
458 495 584 544 neeesse
607 471 688 551 erat)
704 488 834 558 putares
853 497 924 541 esse
938 477 1110 547 dicturum.
1154 479 1282 547 Sustulit
1293 478 1384 544 illum

223 559 308 624 diem
322 560 478 627 ‘fortune
491 582 533 644 po
555 556 597 621 uli
613 557 772 624 Romani:
793 580 874 622 num
889 563 986 627 etism
1002 580 1093 631 tuum
1118 565 1160 631 de
1182 566 1321 651 auspiciis
1329 567 1389 651 ju·

221 643 345 710 dicium
358 646 504 712 interitus
609 642 651 706 ris
664 642 819 709 sustulit?
841 644 905 712 Sed
919 648 1020 714 Incidi
1034 652 1069 716 in
1090 652 1123 717 id
1148 663 1287 739 tempus,
1304 648 1387 736 quod

219 728 260 795 iis
274 730 382 808 rebus,
397 734 431 797 in
444 752 520 816 ques
533 728 672 813 ingresse
683 743 753 793 oret
766 730 881 806 oratio,
897 738 1157 814 praevertendum
1171 753 1230 803 est.

266 816 346 884 XV.
358 818 440 893 Quoe
450 827 501 877 tus
511 812 596 896 fugo,
612 833 684 898 quae
698 812 848 892 formido,
861 814 1015 899 praeclaro
1028 820 1088 885 illo
1103 823 1159 888 die
1172 821 1180 888 l
1198 846 1285 911 quae,
1294 841 1392 924 prop-

222 912 274 967 ter
287 898 504 968 eonscientiem
518 895 687 974 scelerum,
698 896 878 985 desperatio
891 900 980 966 vitae!
1005 901 1080 968 edm
1097 929 1142 971 ex
1156 908 1215 972 illei
1229 909 1320 996 fuga,
1339 907 1391 971 be·

221 988 336 1053 neficio
348 1001 467 1056 eorum,
482 981 538 1082 qui
552 993 595 1059 te,
608 984 635 1047 si
646 1006 739 1049 senus
750 1007 843 1064 esses,
855 984 974 1050 salvum
984 1007 1051 1050 esse
1060 990 1252 1072 voluerunt,
1272 995 1392 1059 clsmte

221 1072 348 1137 domum
455 1066 520 1133 ists.
567 1067 600 1134 Ο
614 1092 686 1135 mee
696 1069 815 1135 frustrd
824 1093 948 1157 semper
957 1071 1117 1138 verissime
1127 1079 1276 1162 auguris
1293 1096 1394 1144 rerum

183 1150 415 1230 sfntursruml
477 1153 603 1220 ioebsm
617 1155 681 1220 illis
695 1156 729 1220 in
743 1156 904 1242 Capitolio
917 1156 1134 1223 liberatoribus
1144 1165 1288 1240 nostris,
1317 1162 1395 1243 (eim

214 1237 320 1307 meod
335 1251 368 1304 te
382 1238 431 1303 ire
442 1238 573 1320 vellent,
592 1252 630 1307 ut
650 1241 692 1307 sd
706 1241 939 1308 defendendum
952 1242 1174 1330 rempublicam
1187 1258 1218 1309 te
1231 1247 1399 1314 adhorte-

213 1327 277 1410 rer)
300 1325 410 1413 quosd
423 1338 592 1406 metueres,
607 1329 717 1394 omnia
730 1341 763 1393 te
776 1329 1022 1415 promissurum
1044 1328 1137 1394 simul
1150 1352 1187 1394 se
1200 1329 1331 1397 timere
1347 1334 1400 1398 de·

211 1408 316 1491 sisses,
343 1411 483 1496 similem
495 1425 527 1478 te
551 1413 693 1480 futurum
715 1414 774 1480 tui.
820 1415 944 1501 Itaque,
972 1414 1046 1480 clun
1073 1416 1179 1481 cseteri
1202 1417 1401 1482 consuleres

213 1498 311 1578 irent,
326 1498 478 1577 redirent,
490 1499 525 1562 in
540 1499 698 1565 seutentii
709 1501 828 1566 mansi:
844 1522 948 1589 neque
960 1514 991 1565 te
1006 1500 1062 1565 illo
1075 1499 1130 1565 die
1142 1523 1247 1589 neque
1262 1515 1398 1589 postero

161 1596 203 1656 10
215 1584 302 1651 vidie
325 1606 429 1674 neque
442 1584 542 1650 ullum
566 1586 749 1653 societatem
763 1586 893 1675 optimis
915 1586 1038 1653 civibus
1061 1607 1137 1653 curn
1158 1587 1397 1674 importunissi-

216 1692 271 1737 mo
285 1672 379 1737 hoste
393 1671 514 1737 loedere
524 1672 591 1737 ullo
605 1673 792 1740 confirmari
805 1696 898 1762 posse
910 1672 1043 1739 credidi.
1077 1669 1160 1740 Post'
1168 1673 1258 1739 diem
1270 1676 1399 1740 tertium

215 1759 290 1824 veni
304 1760 340 1823 in
353 1758 457 1824 oedem
470 1757 623 1839 Telluris,
638 1773 672 1828 et
684 1761 817 1850 quidem
830 1760 958 1838 invitus,
973 1758 1046 1825 edm
1073 1782 1187 1826 omnes
1212 1760 1324 1826 aditus
1348 1783 1395 1827 sr-

216 1846 297 1912 meti
312 1844 506 1911 obsiderent.
528 1844 615 1924 ,Qui
637 1848 699 1916 tibi
726 1848 782 1913 ille
809 1847 888 1927 dies,
919 1846 1053 1925 Antoni,
1076 1845 1164 1912 fuiti
1187 1845 1298 1924 Quem
1321 1844 1394 1911 urim
1448 1903 1449 1934 ἡ

217 1932 300 1996 mibi
313 1930 419 2007 subitd
440 1932 591 2000 Inimicus
610 1937 769 2014 exstitisti,
792 1948 899 2000 tamen
922 1955 975 1997 me
995 1931 1044 1996 tui
1068 1934 1208 2011 miseret,
1236 1957 1278 2032 qu
1333 1930 1394 1996 tibi

165 2031 205 2091 15
218 2017 381 2085 invideris.
425 2018 495 2096 Qui
515 2033 555 2090 tu
574 2025 624 2090 vir
646 2024 706 2111 (dii
727 2019 920 2087 immortales
933 2016 958 2098 l)
987 2031 1020 2083 et
1048 2030 1186 2106 quantus
1215 2018 1339 2094 fuisses,
1365 2016 1389 2082 si
1448 2075 1449 2078 ,

216 2103 304 2170 illius
329 2103 392 2170 diei
418 2113 581 2176 ‘mentem
605 2131 730 2175 servare
752 2103 927 2193 potuisses!
954 2104 1072 2170 Pacem
1098 2103 1302 2183 hebetemus,
1348 2124 1391 2169 us

214 2205 285 2253 eret
305 2189 388 2253 fecta
407 2208 466 2286 pet
491 2193 635 2259 obsidem
657 2215 792 2279 puerum
814 2192 953 2258 nobilem
971 2189 1039 2273 [M.
1055 2190 1189 2256 Antonii
1200 2127 1390 2267 filiumJ‘lM.

215 2272 436 2337 Bambalioms
458 2292 623 2363 nepotem:
648 2275 844 2363 quemqniru
860 2291 891 2341 te
913 2277 1036 2340 bonum
1051 2276 1147 2341 timor
1157 2274 1303 2352 faciebat,
1323 2296 1390 2339 non

212 2355 357 2420 diuturni
384 2362 541 2449 magister
561 2361 674 2439 officii3
697 2361 883 2447 Improbum
903 2359 978 2426 fecit
1006 2384 1057 2441 es,
1088 2384 1167 2450 quse,
1182 2359 1266 2424 dum
1293 2359 1389 2426 timor

157 2439 344 2519 20¹b0⁸led
367 2463 479 2518 tenon
495 2447 638 2527 dissedit,
654 2447 805 2524 audacie3
828 2446 887 2514 esti
900 2458 981 2526 tum,
997 2445 1072 2512 edm
1096 2448 1256 2535 optimum
1281 2459 1313 2513 te
1332 2469 1388 2532 pu·

208 2524 332 2604 lebant.
353 2545 419 2627 (me
432 2532 565 2623 quidem
585 2533 815 2616 dissentiente),
830 2533 937 2600 funeri
961 2533 1124 2621 btyranni,
1147 2534 1174 2599 ei
1194 2532 1281 2600 illud
1300 2532 1385 2599 funus

291 2743 295 2754 ‘
385 2726 538 2810 ‘felicitas
713 2673 892 2787 *mustus
1067 2721 1231 2783 bCcenrrr's.

252 2946 293 2992 42.
322 2941 430 2994 interito
451 2945 564 3010 Caesa]
605 2943 652 2993 Illo
681 2948 788 3006 tempore
820 2941 903 3000 deret;
920 2940 963 2990 sed
974 2955 1049 3000 nemo,
1062 2956 1143 2990 eorum
1154 2958 1210 2992 eum
1220 2944 1335 2993 dicentem
1345 2953 1381 2986 eu·

220 3006 300 3057 cesar
307 3007 499 3061 interfectorem
797 3027 798 3030 ¹
821 3006 890 3055 divit.

216 3117 220 3124 .
252 3071 291 3121 lb.
306 3071 381 3126 Incidi
390 3075 564 3139 tsidrmpue]
597 3071 790 3137 Aitjsmseno·
854 3072 879 3120 ⁵.
907 3068 1071 3121 mnemon
1090 3072 1193 3136 nmen]
1244 3073 1379 3121 liberatores

220 3138 318 3196 lentem,
334 3147 361 3188 et
379 3149 463 3204 preter
479 3139 603 3191 eonsilium
622 3155 699 3195 suum,
717 3140 741 3186 in
762 3153 791 3186 ee
824 3135 931 3202 sppellst
951 3135 1059 3193 Brutum,
1079 3137 1198 3193 Cassium,
1217 3139 1317 3198 alioque
1327 3147 1381 3179 oon·

219 3213 327 3270 tempore
348 3206 468 3266 incidisse,
493 3221 546 3272 que
567 3211 665 3253 mortem
688 3203 787 3253 Gesseris
815 3201 917 3267 juretos,
938 3203 988 3266 qui,
1010 3202 1134 3253 interfecto
1152 3203 1255 3258 Caere,
1272 3201 1296 3247 in
1312 3197 1380 3261 Cepi·

215 3271 418 3321 subsecutnsunt.
709 3285 713 3290 ’
820 3267 1096 3331 toliumsereceperunt.

252 3341 277 3382 1.
296 3335 402 3390 mersa
414 3336 448 3402 fii
466 3337 510 3401 ol]
541 3333 679 3397 Noupriiu
696 3333 790 3382 rudivit
854 3332 1153 3397 remansissem]
1187 3329 1380 3395 Nempetnore

218 3406 318 3446 mortem
330 3397 429 3452 Gesseris
448 3353 576 3458 latonius,
591 3399 673 3463 quin,
690 3398 790 3463 abjectis
821 3396 931 3448 cesaris.

193 3462 380 3513 ‘consularibus
409 3467 549 3531 insignibus,
570 3464 628 3529 lugi
646 3480 694 3514 sure
719 3464 790 3513 soluti
853 3465 893 3511 12.
910 3462 988 3513 AEdem
1000 3463 1115 3528 Telluris]
1149 3462 1325 3512 Deetdiotun
1339 3462 1380 3512 td·

212 3527 369 3575 consuluerit
820 3526 908 3591 Philip.
920 3528 942 3576 1.
955 3529 1041 3594 Perrg.
1052 3530 1074 3579 Ι.
1085 3537 1136 3578 not.
1146 3530 1178 3577 ed
1191 3528 1206 3576 l.
1218 3532 1241 3575 7.

251 3594 275 3639 2·
302 3589 410 3655 smisso
427 3595 524 3658 mm]
568 3595 665 3653 Brutus,
685 3595 789 3653 Cresius,
852 3596 892 3642 1³.
906 3586 1378 3664 Obsdnm.]M.1aepidus,poetoedem

218 3654 640 3721 eliiquequicnssremoeeiderunt:
653 3661 790 3710 sedBrutus
821 3657 929 3715 cesaris,
947 3676 991 3725 per
1007 3669 1103 3710 noctem
1125 3659 1201 3710 lorum
1219 3653 1324 3704 militibus
1342 3665 1380 3697 re·

218 3722 354 3787 presertim,
365 3721 420 3772 edm
432 3724 464 3771 de
473 3722 581 3772 Antonio
592 3741 688 3789 quoque
700 3726 789 3774 interti-
820 3722 903 3786 plerit.
952 3769 955 3776 ,
1347 3779 1354 3791 ·

218 3789 305 3838 ciendo
315 3788 567 3848 ebiisdelibereretur,
576 3791 691 3838 vetuitne
699 3790 788 3839 illeoo·
853 3790 893 3836 17.
911 3788 946 3837 Μ.
969 3791 1062 3842 Annali
1073 3788 1171 3854 fidu]
1209 3783 1248 3833 Μ.
1265 3780 1378 3831 Antoruur

213 3854 343 3912 siderent,
353 3853 527 3904 utPlnts‘rebns
536 3852 615 3901 refert
819 3851 893 3900 filium
909 3855 1018 3905 obsidem
1032 3856 1058 3904 in
1075 3854 1216 3920 Capitolium
1237 3849 1268 3898 ed
1279 3847 1376 3910 ,nmen

117 3925 118 3932 ’
174 3975 178 3982 ,
251 3926 276 3971 4.
294 3917 623 3982 anrdsnspsroerisrimo]
655 3917 786 3982 Versqui-
818 3918 922 3977 miseret,
933 3922 1023 3985 dequo
1034 3920 1125 3986 Philip.
1136 3908 1375 3980 nrmgtnoud

216 3986 276 4037 dem
291 3995 358 4037 erent
379 3986 476 4051 auguris
496 3981 625 4038 Ciceronis,
653 3983 710 4044 quia
730 3988 787 4031 ente
818 3981 890 4033 l.1³.

215 4058 318 4118 etpost
337 4052 406 4104 civile
430 4050 518 4100 bellum
542 4045 708 4112 prenuntievit
734 4063 787 4111 ques
853 4053 893 4098 18.
911 4047 1081 4116 salome]
1115 4048 1158 4099 De
1171 4049 1218 4099 isto
1237 4036 1377 4096 mulio&

218 4126 286 4167 eraut
314 4129 436 4175 eventurn,
466 4123 492 4166 et
528 4112 608 4164 reveri
637 4121 788 4190 evenerunt,
819 4113 910 4164 dietum
925 4121 971 4172 est,
981 4115 1072 4181 Philip.
1083 4115 1120 4166 11.
1144 4116 1231 4179 ng.
1240 4109 1273 4161 11.
1282 4113 1330 4157 nol·
1346 4100 1377 4152 ⁸4

216 4181 264 4318 lli
283 4186 378 4307 iiiiii,
389 4179 787 4300 fflffiissspilffiit
818 4179 835 4229 1.
847 4183 888 4293 li.
913 4242 964 4292 nm
983 4246 1091 4297 αειωω·
1106 4248 1213 4312 mgna
1229 4237 1312 4309 ffel]
1342 4232 1380 4284 Te

218 4319 282 4354 emm
301 4310 390 4363 Cesset
409 4324 435 4365 et
445 4315 570 4381 Pompeio,
586 4321 613 4363 ut
628 4328 665 4364 res
682 4314 743 4363 inter
760 4326 787 4360 se
817 4325 869 4358 mor
888 4309 996 4365 honines
1015 4313 1043 4367 in
1061 4313 1137 4365 officio
1153 4311 1269 4369 eonlimln
1286 4304 1379 4361 willn

217 4384 397 4437 mimus
414 4387 440 4430 et
457 4380 542 4442 Bruto,
557 4387 584 4433 ut
603 4378 709 4431 Autome
727 4377 788 4428 diffi-
819 4374 889 4446 liu.,
