2959 4959
491 342 572 414 'DE
596 330 892 413 SENECTUTE.
1219 357 1279 417 sss

101 473 175 539 divi
194 485 227 540 et
247 473 323 563 legi,
346 473 466 559 etipse
488 472 669 559 conscripsi.
714 470 792 550 Qut
818 470 1015 559 quidem-me
1030 473 1284 558 proficiscentem

53 561 61 567 ’
100 560 194 625 haud
211 557 288 626 sane
302 561 373 647 quis
387 554 479 624 facile
494 558 669 636 retraxerit,
684 580 801 647 neque,
823 570 987 706 sompnum
1004 558 1135 638 Peliam,
1150 583 1283 627 recoxe·

100 647 170 711 rit:
194 658 236 721 et,
252 646 278 710 si
293 646 364 733 quis
377 645 458 710 dem
470 642 550 709 milri
564 643 729 732 largiatur,
749 656 790 709 ut
805 662 845 707 ex
867 643 889 706 h
912 662 931 708 c
949 655 1045 709 aetate
1058 648 1282 732 tepueriscam,

99 745 139 797 et
153 732 189 796 in
204 732 294 798 cunis
307 733 444 819 regiam,
457 732 547 796 valde
561 752 721 795 recusem:
744 751 805 794 nec
826 726 901 793 verb
916 728 1021 809 velim,
1037 732 1125 817 quasi
1148 731 1281 799 decurso

97 818 220 904 spatio,
243 817 285 882 ad
299 839 441 883 carceres
455 815 475 879 d
489 816 739 885 calcererocan‘.
784 815 874 892 Quid
889 815 974 880 enim
988 814 1087 882 habet
1107 817 1172 881 vita
1193 841 1281 882 com-

96 902 222 969 modi?
243 904 320 990 quid
335 926 400 967 non
414 901 518 989 potids
531 898 675 967 laboris?
694 901 750 967 sed
765 901 881 965 habeat
895 901 989 966 send:
1012 901 1110 967 habet
1131 902 1218 967 certi
1233 916 1281 969 ta·

97 1002 254 1054 menam
277 991 449 1055 satietatem
470 1001 526 1054 aut
541 988 689 1053 modum:
712 1009 779 1052 non
794 985 883 1051 lubet
904 988 990 1052 enim
1011 987 1091 1052 mihi
1112 988 1280 1075 deplorare

98 1074 217 1153 vitam,
233 1075 318 1163 quod
338 1072 441 1153 multi,
464 1086 497 1139 et
517 1074 541 1136 ii
562 1074 658 1151 docti,
682 1095 767 1159 saepe
786 1071 946 1137 feceruut:
962 1095 1072 1167 *neque
1091 1095 1144 1139 me
1165 1075 1280 1140 vixisse

96 1162 259 1246 poenitet3
281 1160 433 1248 quoniam
448 1160 493 1223 ita
506 1158 584 1235 vixi,
600 1172 636 1222 ut
657 1180 722 1222 non
734 1157 853 1221 frustra
873 1179 926 1222 me
946 1173 1057 1224 natum
1079 1159 1276 1227 existimem:

96 1258 137 1311 et
160 1269 201 1311 ex
223 1244 286 1311 virt
306 1247 351 1310 ita
372 1244 513 1322 discedo,
537 1258 700 1331 tamquam
722 1265 763 1309 ex
783 1243 933 1330 hospitio,
964 1265 1029 1308 nou
1053 1257 1213 1333 tamquam
1237 1269 1279 1312 ex

95 1330 221 1396 domo:
254 1330 483 1397 commorandi·
498 1331 584 1395 enim
605 1342 730 1394 natura·
743 1328 951 1393 diversorium
974 1326 1076 1408 nobis,
1097 1354 1164 1396 non
1186 1332 1278 1398 habi·

95 1417 203 1497 tandi,
215 1416 316 1482 dedit.
362 1416 395 1482 Ο
415 1415 607 1502 praeclarum
629 1415 725 1490 diem,
740 1413 812 1480 edm
834 1414 876 1478 ad
897 1413 976 1479 illud
998 1413 1141 1480 divinum
1155 1419 1278 1484 animo-

94 1525 176 1575 rum
199 1503 370 1568 concilium
392 1514 510 1568 coetum
535 1526 576 1567 ue
620 1502 799 1578 roficiscsr3
827 1500 963 1587 cirmque
978 1522 1025 1588 ex
1046 1499 1108 1567 htc
1130 1502 1225 1567 turbis
1246 1516 1279 1569 et

96 1586 287 1652 colluvione
306 1588 489 1655 discedaml
605 1589 815 1664 ciscarenim,
830 1608 896 1650 non
919 1585 962 1650 ad
982 1606 1036 1652 eos
1058 1584 1165 1652 soldm·
1182 1587 1277 1670 viros,

95 1672 145 1738 de
174 1673 289 1760 quibus
310 1673 385 1739 ante
406 1674 485 1752 dixi,
507 1675 562 1741 sed
583 1675 678 1739 etiam
700 1674 743 1739 ad
767 1674 924 1739 Catonem
945 1693 1062 1751 meum,
1096 1696 1161 1761 quo
1182 1695 1278 1739 nemo

94 1759 153 1824 vir
168 1759 281 1823 melior
295 1774 389 1826 natus
403 1774 459 1840 est,
475 1783 571 1826 nemo
605 1762 699 1826 ietate
708 1759 913 1861 praestautior
922 1782 932 1838 3
955 1761 1043 1846 cujus
1059 1756 1079 1822 d
1100 1782 1151 1824 me
1162 1782 1279 1847 corpus

94 1858 279 1911 crematum
294 1859 358 1912 est:
381 1846 480 1933 quod,
493 1784 616 1925 contub,
632 1846 739 1912 decuit
753 1845 794 1910 ab
809 1845 865 1909 illo
876 1866 992 1910 meum.
1037 1844 1175 1910 Animus
1189 1844 1277 1925 verb,

92 1951 167 1995 non
183 1953 234 1996 me
248 1931 406 2023 deserens,
422 1932 476 1996 sed
488 1945 678 2020 respectans,
694 1933 728 1997 in
743 1955 781 1998 ea
795 1929 938 2018 profecti>
961 1928 1033 1997 locs
1046 1929 1198 2009 discessit,
1213 1930 1279 2079 pub

93 2015 183 2079 mlhi
196 2017 258 2100 ipsi
272 2017 423 2085 cernebat
436 2038 503 2084 esse
522 2018 735 2085 veniendum:
758 2039 853 2106 quem
867 2039 928 2105 ego
952 2036 1059 2081 meum
1085 2038 1192 2081 casum
1226 2038 1279 2079 or·

94 2099 180 2164 titer
192 2099 275 2167 ferre
293 2103 376 2167 visus
391 2120 480 2182 sum3
499 2124 566 2170 ‘non
581 2104 669 2192 qubd
684 2128 778 2193 aequo
799 2104 907 2168 animo
921 2103 1056 2180 ferrem3
1079 2101 1133 2167 sed
1145 2122 1196 2167 me
1211 2101 1221 2164 i
1246 2123 1279 2166 se

93 2184 301 2267 consolabar,
314 2190 507 2270 existlmans,
523 2212 588 2255 non
599 2192 809 2344 lougipquum
819 2191 902 2254 inter
912 2210 971 2254 nos
984 2188 1160 2276 digressum
1172 2200 1203 2253 et
1214 2120 1278 2252 ‹lis-

93 2288 221 2338 cessum
236 2274 316 2340 fore.
361 2274 427 2345 His
441 2278 522 2342 milri
536 2278 641 2356 rebus,
703 2278 779 2367 ipio,
799 2274 845 2361 (id
856 2277 945 2340 'enim
961 2289 993 2345 te
1014 2283 1087 2341 cum
1103 2274 1206 2341 Laelio
1220 2268 1283 2369 sd}

92 2358 211 2423 mirari
224 2359 326 2425 solere
340 2361 463 2445 dixisti)
474 2364 552 2428 levis
566 2377 613 2431 est
624 2379 777 2442 senectus,
792 2385 852 2427 nec
866 2361 968 2427 solim
982 2383 1048 2426 non
1063 2362 1206 2440 molesta,
1222 2360 1278 2427 sed

93 2443 197 2507 etiam
211 2444 360 2508 ‘ucunda
404 2444 502 2521 Quod
519 2449 545 2510 si
559 2449 593 2509 in
607 2448 670 2512 hoc
684 2468 766 2525 erro,
794 2447 882 2534 qubd
897 2450 1021 2512 animos
1034 2446 1202 2514 hominum
1217 2447 1277 2512 ima

35 2596 38 2601 ,
92 2537 207 2591 morta
221 2548 253 2589 es
267 2548 334 2593 esse
348 2529 488 2606 credam,
502 2530 652 2593 lubenter
664 2546 736 2594 erro
744 2556 753 2606 3
775 2552 835 2593 nec
850 2530 929 2593 mihi
943 2532 1030 2595 hunc
1044 2554 1195 2610 errorem,
1212 2555 1278 2619 quo

92 2612 251 2689 delector,
266 2611 344 2677 dum
358 2613 440 2690 vivo,
454 2614 637 2699 extorqueri
649 2614 739 2678 volo:
763 2615 822 2690 sin,
838 2626 995 2691 mortuus,
1009 2620 1058 2698 (ut
1072 2617 1202 2700 quidam
1218 2619 1278 2679 mi-

91 2698 171 2763 nuti
185 2694 369 2784 philosophi
385 2697 529 2785 censent)
552 2698 633 2781 rrihil
655 2699 806 2774 sentiam3
830 2714 897 2761 non
919 2718 1041 2775 vereor,
1064 2720 1105 2761 ne
1125 2699 1214 2763 hunc
1228 2698 1283 2763 er?

90 2794 212 2848 forum·
228 2792 336 2848 meum
358 2785 476 2849 mortui
496 2782 679 2870 philosophi
701 2782 864 2847 irrideant.
910 2780 1010 2860 Quod
1032 2784 1145 2848 sinon
1167 2804 1277 2850 sumus
1316 2809 1318 2811 ’

92 2868 295 2934 immortales
314 2869 426 2948 futuri,
443 2884 549 2935 tamen
572 2870 731 2957 exstingui
753 2866 877 2933 homini
899 2890 957 2934 suo
979 2880 1122 2955 tempore
1137 2870 1284 2973 optabile,

92 2962 162 3030 eht3
184 2976 261 3020 nam
282 2955 379 3021 habet
399 2967 525 3033 natura,
549 2968 587 3020 ut
608 2956 743 3022 aliarum
766 2955 908 3020 omnium
931 2974 1051 3033 rerum,
1072 2955 1117 3020 sic
1138 2954 1275 3035 vivendi,

92 3038 248 3107 modum:
284 3052 427 3108 senectus
448 3056 553 3108 autem
587 3044 728 3128 peractio
750 3041 933 3126 aetstisfest,
957 3053 1119 3135 tamquam
1139 3041 1274 3120 fabulae3
1313 3075 1315 3077 ·

92 3129 188 3211 crrjus
202 3126 461 3218 delitigationem
472 3128 582 3216 fugere
596 3128 758 3208 debemus,
770 3129 946 3215 presertim
957 3124 1274 3214 adjunctdsa'tietate.

142 3210 228 3277 ΗΜ
242 3214 342 3279 habui
356 3216 398 3281 de
419 3228 581 3281 senectute
619 3236 667 3279 uae
682 3214 840 3280 dicerem:
864 3214 905 3279 ad
921 3235 1016 3302 quam
1032 3212 1152 3277 utinam
1165 3235 1276 3299 perve-

91 3295 211 3363 rtistis!
227 3310 266 3364 ut
279 3322 326 3380 ea,
339 3323 411 3391 quse
426 3315 467 3368 ex
481 3324 533 3369 me
547 3238 688 3380 audistis,
704 3323 740 3366 re
754 3302 888 3389 experti,
903 3300 1040 3387 probare
1054 3299 1191 3386 possitisr
1318 3306 1320 3311 '
