2959 4959
146 333 190 394 so
487 409 490 414 Ι
569 320 664 388 rao
687 320 816 387 naon
840 279 1060 388 nanum.

223 450 266 516 ad
291 451 447 538 quietem:
478 447 650 535 postremo,
677 448 771 536 signa
795 460 828 512 et
852 447 984 526 tabulas,
1007 461 1186 538 caeoeraque
1209 463 1394 518 ornamenta

226 538 415 604 Graecorum
431 534 633 620 oppidorum,
656 557 728 621 quae
746 535 852 599 caeteri
867 544 881 570 ¹
893 533 1033 599 tollenda
1047 558 1114 602 esse
1133 536 1334 617 arbitrantur,
1357 560 1395 604 ea

151 631 211 689 125
224 623 285 689 sibi
309 623 361 688 ille
386 645 427 686 ne
452 620 583 690 visenda
602 621 731 706 quidem
753 621 954 685 existimavit.
999 621 1113 708 Itaque
1135 646 1244 688 omnes
1268 625 1394 711 quidem

166 729 170 740 ·
223 731 312 774 nunc
326 710 359 773 in
374 709 422 772 his
436 706 512 771 locis
539 707 608 769 Cn.¹
618 706 819 791 Pompeium,
842 707 924 771 sicut
947 706 1084 792 aliquem
1100 730 1166 772 non
1182 732 1222 774 ex
1243 709 1397 776 htcurbe

224 797 365 870 missum,
387 791 442 856 sed
457 792 497 855 de
522 792 604 856 coelo
619 791 793 877 delapsum,
817 794 1001 857 intuentur:
1023 811 1111 857 nunc
1133 794 1271 882 denique
1285 796 1397 881 incipi·

224 878 434 953 unrcredere‚
458 876 551 941 fuisse
576 877 721 942 homines
744 878 907 943 Romanos
932 877 995 940 bric
1009 879 1172 963 quondam
1189 880 1395 958 abstinentia

223 964 309 1053 quod
324 965 392 1049 jam
406 963 589 1029 nationibus
603 965 719 1027 exteris
743 963 939 1039 incredibile,
962 986 1000 1028 ac
1013 962 1093 1028 l'alsb
1109 968 1272 1032 memoriae
1290 967 1397 1053 prodi·

151 1064 211 1124 180
223 1063 301 1125 tum,
323 1047 515 1113 videbaturr'
532 1071 619 1113 nnnc
634 1049 761 1134 imperii
772 1050 871 1113 nostri
884 1048 1036 1134 splendor
1054 1050 1116 1114 illis
1129 1053 1278 1136 gentibus
1293 1054 1395 1119 lueet:

221 1158 311 1202 nunc
338 1134 530 1221 intelligunt,
564 1157 629 1199 non
653 1132 722 1199 sind
745 1134 842 1199 causis
867 1138 1001 1220 majores
1029 1159 1104 1200 suos
1128 1151 1207 1216 tum,
1234 1137 1307 1204 edm
1337 1138 1397 1203 hbe

138 1267 141 1274 «
222 1219 435 1307 temperantiri
462 1222 665 1307 magistratus
693 1220 897 1297 habebamus,
934 1223 1052 1286 servire
1081 1223 1201 1307 populo
1237 1224 1398 1303 Romano,

222 1306 321 1396 quiam
337 1308 494 1392 imperare
509 1308 588 1384 aliis,
603 1306 759 1371 maluisse.
788 1307 860 1371 Jam
875 1304 952 1370 verb
967 1309 1012 1372 ita
1029 1307 1135 1372 faciles
1149 1308 1253 1374 aditus
1267 1310 1308 1375 ad
1326 1332 1400 1376 eum

221 1395 430 1479 privatorum,
447 1393 492 1456 ita
506 1391 614 1455 liberae
628 1392 837 1478 querimoniae
848 1392 889 1456 de
903 1391 1041 1457 aliorum
1056 1394 1189 1479 injuriis,
1205 1419 1271 1460 esse
1285 1397 1401 1462 dicun-

150 1493 285 1558 135tur,
309 1492 345 1544 ut
368 1479 405 1557 is,
431 1478 487 1564 qui
508 1477 663 1564 dignitate
685 1478 884 1563 principibus
909 1479 1043 1556 excellit,
1068 1480 1218 1544 facilitate
1242 1504 1300 1566 par
1325 1481 1402 1546 infi-

222 1567 282 1629 mis
296 1588 363 1630 esse
378 1563 532 1628 videatur.
574 1563 647 1628 lam
663 1561 818 1650 quantirm
840 1561 982 1644 consilio,
1006 1565 1161 1652 quantdm
1175 1565 1303 1631 dicendi
1326 1590 1402 1655 gra·

222 1652 319 1716 vitate
340 1663 373 1716 et
395 1649 490 1736 oopib
515 1650 618 1715 valeat
650 1653 698 1735 (in
723 1674 787 1737 quo
807 1651 877 1736 ipso
902 1652 984 1715 inest
1004 1651 1152 1737 quaedam
1178 1652 1317 1738 dignitas
1341 1656 1402 1720 im·

221 1736 408 1823 paratoria),
423 1759 489 1814 vos,
507 1737 660 1813 Quirites,
673 1735 735 1800 hoc
750 1737 819 1822 ipso
833 1738 867 1800 in
882 1736 954 1802 loco
968 1734 1054 1823 saepd
1069 1735 1241 1838 cogntistia.
1285 1738 1402 1806 Fidem

222 1823 299 1896 verb
321 1825 387 1909 ejus
411 1823 494 1887 inter
516 1824 619 1887 socios
639 1836 790 1908 quantam
816 1823 993 1888 existimari
1016 1837 1146 1909 putatis,
1172 1846 1267 1912 quam
1291 1824 1401 1890 hostes

150 1923 211 1981 140
222 1909 368 1975 omnium
378 1910 520 1996 gentium
535 1909 762 1977 sanctissimam
778 1931 844 1972 esse
853 1909 1054 1993 judicirinti
1090 1910 1312 1982 ,Humanitate
1332 1914 1402 1999 jam

222 1995 314 2062 unta
328 2008 384 2072 est,
409 2008 443 2060 ut
464 1994 591 2058 difficile
614 1995 702 2058 dictu
717 1995 767 2070 sit,
791 1993 896 2056 utrdm
922 1994 1028 2059 hostes
1042 1997 1144 2080 magis
1165 1998 1316 2061 virtutem
1333 1998 1400 2083 ejus

142 2165 144 2168 Ι
221 2096 401 2168 pugnantes
430 2079 605 2154 timuerint,
642 2100 682 2141 an
713 2078 987 2142 mansuetudinem
1017 2080 1092 2142 victi
1114 2079 1294 2145 dilexerint.
1359 2075 1403 2148 Et

245 2168 387 2251 uisquam
413 2163 581 2240 dubitabit,
604 2164 681 2248 quin
702 2162 778 2226 bulo
793 2175 917 2227 tantum
939 2162 1056 2227 bellum
1071 2163 1134 2227 boc
1156 2166 1403 2232 ytransmitten-

221 2188 299 2312 dum
313 2251 362 2326 sit,
387 2249 453 2334 qni,
472 2248 515 2312 ad
530 2249 637 2312 omnia
652 2261 763 2311 veatrae
778 2249 941 2312 memoriae
956 2248 1038 2313 bella
1055 2248 1265 2330 conficienda,
1288 2253 1402 2321 divino

149 2347 209 2409 145
221 2334 360 2421 quodam
376 2334 510 2398 consilio
525 2349 617 2399 natus
631 2357 697 2398 esse
711 2332 875 2399 videatur?

496 2510 510 2537 ¹
523 2497 687 2580 afferenda.
883 2499 1120 2560 &decemmdum

256 2671 312 2717 123.
328 2666 399 2731 bigas
416 2673 438 2712 et
457 2664 561 2729 tubulus]
595 2664 620 2711 Si
637 2680 690 2728 qun
709 2671 791 2713 stature
824 2663 908 2713 Curius
925 2663 1196 2722 Dentatus„Fabricius,
1213 2673 1239 2714 ut
1255 2667 1338 2715 oblata
1355 2664 1400 2716 sibi

220 2743 248 2782 et
258 2734 355 2796 picturae
364 2730 476 2779 essentia
484 2729 580 2777 urbibus
590 2731 700 2786 devictis,
708 2731 738 2777 ab
749 2731 792 2777 im·
823 2745 919 2777 munem
928 2730 1086 2792 repudiarent.
1118 2730 1184 2778 Vide
1195 2729 1318 2780 Valerium
1331 2731 1399 2781 Max.

222 2797 367 2860 potatoribus
393 2796 578 2856 assumebantur,
605 2811 664 2858 quas
690 2794 792 2842 Romam
824 2794 939 2843 lib.4.ca
960 2798 1001 2844 ,3.

222 2862 358 2918 mittebant3
380 2876 460 2907 eorum
479 2869 558 2908 autmn
577 2877 633 2908 urus
653 2860 792 2908 immodicus
857 2861 913 2907 135.
931 2810 1067 2922 decimare]
1090 2858 1200 2908 Facilitas
1210 2861 1282 2910 virtus
1294 2868 1340 2919 est,
1351 2859 1399 2926 qul

222 2926 267 2973 fuit
277 2927 340 2991 apud
351 2924 576 2981 Romanosvetcres,
588 2941 616 2972 ex
625 2941 673 2988 quo
682 2925 739 2973 Asia
751 2926 792 2974 de·
823 2924 876 2988 quis
885 2925 936 2971 aliis
943 2923 1291 2986 intempestiveaccedentibua,
1303 2936 1347 2975 sut
1355 2927 1398 2975 im·

222 2989 286 3066 ricta
304 2991 356 3039 tait.
372 2989 460 3067 'ilenti
478 2990 515 3037 M.
534 2989 634 3037 Scanms
654 2990 728 3065 edilis
750 2990 792 3036 tria
824 2991 952 3098 plrudenter
967 2990 1172 3062 interrogantibus,
1188 2992 1361 3056 obsequentem
1374 2998 1398 3038 et

222 3055 560 3182 ''gilllml‘lildllnlibibldddlll
571 3055 793 3165 plbbldlbbstinen-
825 3053 1106 3182 balldbllmElequlllloqdreab]
1134 3118 1261 3168 Conclusio
1282 3122 1332 3187 qui
1342 3131 1399 3169 con·

223 3184 256 3233 tit
266 3187 387 3249 quondam
407 3186 473 3248 apud
482 3192 573 3231 veteres
589 3182 711 3231 Romnum
726 3182 793 3231 lubra
824 3183 900 3233 cludit
909 3183 986 3232 locmn
997 3185 1030 3232 (le
1040 3182 1126 3231 virtute
1137 3157 1270 3248 Pompeiis

691 3370 818 3415 TERTIA
838 3370 930 3415 PARS.

327 3514 366 3573 Ia
380 3512 436 3595 qud
443 3514 584 3594 prolator
597 3513 727 3595 Pompeii
738 3514 893 3574 cudarim
904 3514 935 3573 in
949 3513 1027 3575 bellis
1040 3516 1282 3578 administrandis.

264 3639 330 3705 xl.
353 3640 407 3719 Et,
429 3641 580 3729 quoniam
605 3641 775 3706 auctoritas
784 3641 934 3718 ,multirm
948 3643 981 3706 in
1001 3642 1092 3708 bellis
1107 3665 1232 3732 quoque
1256 3640 1399 3706 admini-

220 3725 359 3792 strandis
372 3740 467 3814 atque
478 3727 611 3813 imperio
619 3728 749 3792 militari
761 3726 853 3805 valet,
863 3724 949 3793 certe
964 3729 1084 3793 nemini
1098 3729 1230 3794 dubium
1245 3741 1303 3806 est,
1316 3729 1398 3815 quin

219 3809 261 3878 ab
278 3812 312 3877 in
331 3835 367 3879 re
382 3813 468 3878 idom
486 3812 542 3877 ille
555 3813 727 3899 imperator
741 3812 916 3898 plurimum
931 3816 1047 3900 possit:
1067 3816 1270 3880 vehementer
1285 3829 1395 3879 autem

219 3899 380 3984 pertinere
389 3899 430 3963 ad
439 3898 522 3964 bella
533 3899 795 3976 administranda,
806 3900 884 3985 qnid
894 3900 1093 3988 hostesquid
1101 3902 1191 3981 socii,
1201 3900 1244 3964 de
1254 3900 1394 3985 impera·

221 3985 343 4050 toribus
357 3986 467 4050 vestris
481 3986 671 4060 existiment,
694 3985 764 4071 quis
780 3985 932 4071 ignorat?
953 3984 1024 4051 edm
1040 3988 1186 4063 sciamus,
1202 3984 1395 4050 hominesin

219 4072 316 4138 unns
330 4072 434 4148 rebus,
458 4081 520 4136 'ut
539 4082 821 4147 autcontemnant,
843 4083 898 4137 aut
920 4085 1074 4152 metuant,
1097 4085 1153 4138 aut
1176 4069 1317 4149 oderint,
1339 4081 1398 4134 ant

209 4249 273 4388 ’ὦ
283 4237 531 4383 mmdb‘rltmm
541 4242 648 4322 fimo,
662 4250 688 4302 et
702 4219 778 4304 ccrtd
791 4241 889 4326 uliqaci
900 4243 1023 4320 ratione,
1036 4253 1068 4305 ut
1080 4241 1201 4327 aliqum
1215 4237 1397 4312 comana&

356 4344 374 4383 o
408 4365 415 4382 .
