2959 4959
22 4084 24 4093 ,
144 4054 146 4059 ·
183 4032 220 4087 ta
233 4033 339 4089 autem
353 4020 399 4087 vis
412 4015 559 4087 amicitia
572 4017 623 4097 sit,
634 4039 677 4083 ex
689 4016 795 4086 hocin

157 389 259 449 aaa
552 456 557 463 ‚
620 373 688 441 ns
707 356 954 445 autema,

194 502 498 660 {suffitores
514 476 1301 590 scmus),n‚qiemaam'0nms01aaeuae
1314 530 1388 577 m-

218 617 264 673 ¹¹⁸2

377 612 420 656 ex
444 600 477 655 te
497 599 694 689 quoemntur,
717 587 765 653 sic
777 587 985 656 deamicitia
1005 591 1184 679 disputiris,
1231 594 1383 661 ausen-

193 680 265 755 tias,
291 676 418 765 qualem
431 675 601 753 existimes,
649 696 701 739 uas
724 688 884 760 precepta
906 674 975 742 des.
1021 677 1168 744 Sooeuola.
1232 679 1382 748 inimo

155 754 163 777 ’
193 777 381 853 pergratum
395 761 472 828 erit:
494 771 599 848 atque,
623 698 778 846 idipsum
792 759 864 825 cdrn
877 771 982 827 tecum
997 786 1095 853 agere
1117 788 1259 845 conarer,
1286 766 1381 832 Fan·

194 850 269 1003 nfeipea
282 847 477 1087 'Zmin
499 845 708 933 quamobrem
728 846 856 932 utrique
874 846 1018 914 nostrtirn
1039 862 1172 938 gratum
1194 851 1385 920 admodum

265 958 318 1002 na

238 1022 282 1088 V.
358 1019 426 1085 litu.
438 1016 511 1105 Ego
521 1016 598 1084 verd
612 1040 678 1083 non
689 1038 848 1105 gravarer,
858 1018 885 1082 ai
894 1017 973 1084 mihi
982 1018 1049 1106 ipse
1058 1022 1279 1090 confiderem:
1292 1018 1385 1089 nain

194 1120 229 1176 et
241 1108 394 1195 praeclara
408 1126 458 1169 rea
468 1115 536 1182 est3
556 1117 715 1181 etsumus,
727 1115 764 1168 ut
776 1103 859 1169 dixit
868 1104 1013 1184 Fannius,
1024 1106 1117 1172 otiosi
1125 1132 1137 1184 ς
1152 1109 1212 1173 sed
1223 1112 1300 1196 quis
1310 1132 1385 1198 ego

194 1191 289 1261 sum?
316 1204 372 1257 aut
395 1212 468 1278 quar
486 1190 521 1255 in
545 1212 599 1255 me
623 1203 670 1256 eat
688 1187 847 1255 facultas?
878 1190 1053 1257 Doctorum
1074 1204 1119 1257 est
1141 1192 1213 1257 ista
1230 1218 1383 1262 consue·

192 1278 283 1358 tudo,
309 1298 410 1366 eaque
426 1277 626 1355 Graecorum,
653 1288 689 1340 ut
703 1276 741 1340 iis
764 1286 914 1361 ponatur,
936 1276 1055 1365 dequo
1075 1277 1235 1363 disputent
1249 1303 1385 1367 quarm

192 1361 241 1431 ris
254 1363 370 1430 subito.
416 1360 575 1448 Magnum
597 1383 678 1448 opus
692 1373 750 1439 est,
773 1373 907 1469 egetqqe
926 1363 1149 1429 exercitatione
1170 1386 1236 1428 non
1249 1366 1385 1450 parva'i.

192 1449 425 1528 Quamobrem,
440 1471 513 1535 quae
526 1447 682 1534 disputari
694 1446 736 1511 de
750 1463 890 1513 amrcrtra
903 1462 1045 1534 possunt,
1066 1449 1107 1513 ab
1125 1448 1173 1513 eis'
1183 1472 1297 1516 censeo
1310 1474 1389 1538 pe·

191 1537 277 1615 tatis,
300 1536 354 1637 qui
374 1536 434 1599 iata
458 1533 670 1619 profitentur:
704 1555 766 1619 ego
788 1555 847 1597 vos
866 1532 990 1599 hortari
1015 1534 1137 1600 tantum
1161 1557 1305 1635 possum
1339 1554 1382 1605 ut

192 1623 366 1688 amicitiam
388 1618 539 1685 omnibus
563 1619 658 1684 rebus
682 1618 831 1684 humanis
854 1632 927 1684 ante
993 1621 1073 1686 atis:
1102 1620 1184 1685 nihrl
1210 1634 1258 1687 est
1283 1624 1378 1689 enim

191 1721 258 1774 tam
282 1718 553 1785 catarnaum,
589 1718 656 1771 tam
680 1705 871 1772 conveniens
963 1728 1013 1771 res
1037 1706 1089 1772 rel
1115 1706 1282 1788 secundas,
1320 1709 1376 1775 vei

191 1792 350 1859 aduersas.
474 1790 537 1857 hoc
554 1789 694 1877 primdm
708 1791 821 1867 sentio,
843 1791 906 1855 nisi
926 1791 961 1856 in
975 1791 1078 1871 bonu,
1102 1793 1276 1859 amicitiam
1299 1816 1377 1860 esse

189 1901 259 1945 non
272 1901 375 1967 posse.
420 1877 533 1966 Neque
545 1875 580 1941 id
595 1877 636 1942 ad
651 1879 757 1942 vivum
778 1899 895 1955 reseco,
915 1892 951 1943 ut
973 1876 1032 1957 ilii,
1058 1879 1115 1978 qui
1129 1878 1202 1944 haec
1221 1879 1374 1946 subtilitis

190 1964 361 2044 disserunt,
386 1964 518 2029 fortasse
542 1960 630 2042 vert,
663 1963 718 2028 sed
743 1963 785 2028 ad
810 1983 1011 2029 communem
1037 1962 1208 2043 utilitatem
1232 1963 1372 2051 parurn:

191 2067 314 2141 negant
328 2050 425 2129 enirn,
449 2071 640 2137 quemquam
656 2051 759 2114 virum
774 2048 894 2114 bouum
908 2070 987 2123 esse,
1007 2049 1070 2113 nisi
1084 2050 1268 2139 sapientem.
1315 2051 1370 2118 sit

108 2202 115 2215 „
188 2139 239 2205 ita'
250 2137 342 2205 sane:
365 2136 420 2201 sed
445 2157 514 2200 eam
540 2134 726 2221 sapientiam
748 2135 1006 2220 interpretantur,
1030 2158 1127 2223 quam
1149 2136 1253 2202 adhuc
1276 2159 1368 2202 mor-

189 2224 262 2288 talia
275 2243 370 2288 nemo
384 2231 431 2284 est
455 2233 641 2285 consecutus
650 2206 748 2454 {aas
772 2230 878 2285 autern
893 2244 940 2300 ea,
966 2243 1040 2309 ane
1053 2234 1126 2287 aunt
1147 2223 1181 2285 in
1207 2244 1264 2286 usu
1279 2220 1366 2286 virt-

212 2330 252 2372 ue
272 2303 445 2381 communi,
480 2325 546 2368 non
564 2327 619 2382 ea,
675 2326 724 2368 naa
751 2304 795 2367 fin
842 2318 917 2373 ntur
945 2320 1002 2372 aut
1026 2318 1179 2395 optantur,
1322 2326 1364 2372 re

187 2331 348 2458 debemus.
393 2387 569 2475 Nunquam
582 2408 643 2476 ego
681 2389 773 2467 icam,
791 2328 840 2454 gu
843 2390 1036 2471 Fabricium,
1048 2391 1196 2473 ¹Munium
1238 2392 1360 2471 urium,

152 2542 157 2555 s
187 2475 232 2544 Τ.
248 2473 499 2554 Coruncanium,
520 2496 600 2563 quos
613 2474 770 2561 sapientes
784 2477 885 2542 nostri
899 2480 1034 2566 majores
1050 2478 1250 2566 judicabant,
1264 2477 1308 2545 ad
1319 2477 1365 2545 ia·

186 2577 294 2631 torum
308 2581 455 2628 normam
468 2559 565 2628 fuisse
574 2561 740 2650 sapientes.
786 2561 896 2639 Queri
909 2563 968 2628 sibi
980 2563 1120 2630 habeant
1127 2565 1291 2651 sapientiae
1304 2588 1365 2632 no·

187 2671 274 2731 men,
296 2663 330 2716 et
351 2646 545 2715 invidiosum
567 2663 600 2714 et
612 2649 802 2715 obscurum:
825 2649 1072 2739 concedantque,
1095 2651 1187 2716 athi
1208 2651 1287 2717 boni
1300 2652 1361 2716 rin'

187 2738 317 2806 fuerint.
349 2735 413 2825 'Ne
426 2735 460 2800 id
474 2733 603 2823 quidem
616 2734 751 2803 faciente
773 2758 794 2800 n
854 2735 944 2813 bunt,
970 2735 1014 2815 id,
1032 2736 1095 2802 nisi
1109 2737 1258 2824 sapienti,
1271 2759 1365 2839 posse

187 2824 334 2891 concedi.
378 2822 521 2909 Agamus
545 2822 643 2910 igitur
664 2821 778 2909 pingui
796 2758 961 2898 ididem&
986 2832 1023 2887 ut
1036 2823 1138 2889 aiunt.
1183 2823 1251 2901 Qui
1272 2837 1365 2891 rtaae

186 2923 315 2998 gerunt,
346 2907 391 2972 ita
412 2907 532 2985 vivunt,
563 2920 732 2972 uteorum
762 2906 914 2993 probetur
937 2906 1026 2989 fides,
1052 2908 1087 2973 in
1161 2909 1230 2988 tas,
1260 2912 1363 2998 requi

187 3009 246 3071 tas,
277 2992 467 3069 liberalitem
500 3012 561 3058 nec
583 2993 624 3058 sit
649 2993 683 3057 in
711 2991 775 3057 iliis
800 2991 866 3058 ulia
888 2992 1055 3079 cupiditas,
1088 3018 1109 3059 v
1163 2995 1274 3072 libido,
1306 2995 1361 3061 vel

186 3080 337 3155 audacia3
370 3077 497 3166 sintque
519 3077 639 3165 magni
663 3077 851 3157 constantii,
882 3090 918 3145 ut
940 3079 964 3145 ii
985 3078 1124 3160 fuerunt,
1155 3081 1252 3146 modo
1276 3103 1361 3167 qnos

185 3163 369 3243 nominavi3
391 3164 450 3229 hos
464 3164 549 3229 viros
563 3165 675 3243 bonos,
697 3177 734 3229 ut
754 3163 855 3231 habiti
870 3178 953 3244 sunt,
973 3166 1020 3232 sic
1033 3167 1129 3233 etiam
1150 3165 1360 3254 appellandos

177 3268 372 3340 ,putemusp
387 3250 461 3340 quia
486 3264 667 3338 sequantur,
690 3273 753 3337 qua
778 3250 848 3317 tum
867 3252 1010 3316 homines
1030 3265 1174 3338 possunt,
1197 3266 1364 3336 naturam,
1457 3288 1458 3339 q

185 3340 343 3424 optimam
363 3338 444 3403 bene
458 3336 584 3401 vivendi
598 3273 808 3487 'ducemmzssic
831 3338 916 3402 enim
937 3337 1017 3402 mihi
1038 3340 1219 3426 perspicere
1236 3338 1362 3420 videor,
1457 3344 1458 3353 ’

185 3422 233 3487 ita
246 3439 339 3490 natos
352 3445 419 3488 esse
431 3444 501 3501 nos,
521 3433 557 3487 ut
577 3421 662 3488 inter
682 3444 704 3487 o
761 3447 795 3490 es
815 3436 897 3490 esset
916 3423 1048 3489 societas
1069 3424 1238 3512 quaedam3
1314 3429 1323 3445 ’

186 3518 304 3585 autem,
320 3522 356 3573 ut
369 3509 503 3596 quisque
515 3506 666 3593 proxime
681 3509 860 3586 accederem
883 3509 1081 3597 itaquecires
1094 3512 1244 3597 potiores,
1260 3447 1364 3578 md:

180 3591 369 3681 peregrini3
392 3604 425 3657 et
444 3595 629 3694 propinqui,
652 3592 752 3682 quiem
776 3594 891 3660 alieni:
917 3616 991 3661 cum
1007 3595 1058 3660 his
1076 3598 1162 3662 enim
1181 3598 1358 3663 amicitim

184 3688 301 3744 natura
320 3676 389 3761 ipsa
408 3691 553 3762 peperit:
575 3680 632 3745 sed
652 3703 691 3746 ea
714 3702 782 3745 non
802 3680 877 3745 satis
901 3678 998 3746 habet
1021 3680 1194 3758 firminum
1213 3702 1358 3771 namque

184 3764 250 3831 hoc
273 3772 404 3863 prestat
416 3761 556 3828 amicitia
579 3765 822 3865 propinquitati,
846 3763 933 3853 quid
947 3788 989 3833 ex
1011 3769 1106 3855 prop·
1149 3768 1361 3836 uitatebene·

183 3850 326 3917 volentia
338 3845 407 3914 toilr
418 3857 532 3933 potest,
558 3869 599 3913 ex
623 3850 764 3915 amicitid
788 3871 855 3916 non
875 3864 1001 3938 potest;
1022 3791 1358 3922 subtiiieuimbem-

181 3933 336 4014 volendi,
357 3931 504 4000 amicitiae
517 3952 635 3998 nomen
659 3933 800 4011 tollitur;
844 3937 1067 4039 ropinquitatis
1080 3952 1197 4006 mauu.
1241 3939 1357 4018 Quan-

797 3958 897 4115 teiligr
907 4021 1047 4091 maxime
1056 4038 1179 4112 pomst3
1199 4023 1294 4113 qnod,
1307 4045 1354 4092 ex

183 4105 314 4174 infiniti
326 4107 475 4175 societate
484 4104 612 4194 genens
625 4103 769 4187 humani,
785 4129 883 4195 quam
893 4109 1074 4181 conciliarit
1087 4112 1160 4198 ipsa
1172 4124 1290 4187 mura,
1301 4108 1353 4176 ita

181 4204 349 4259 contracta
362 4214 411 4258 res
425 4205 472 4258 est
485 4205 518 4257 ct
530 4189 668 4259 adducta
676 4191 900 4284 inunguatum,
915 4208 951 4265 ut
960 4197 1188 4268 omniscaritas
1199 4206 1253 4265 sat
1264 4194 1355 4268 inter

183 4270 768 4371 duosautinterpauccsjungeretur.
802 4316 807 4321 -
