2959 4959
103 367 140 435 ie
473 365 524 432 M.
547 363 713 434 TULLII
738 361 995 435 CICERONIS

105 497 159 563 lon
171 491 271 562 fmrres
284 496 345 562 fuit
358 493 443 562 illius
458 494 594 561 incendii
606 494 716 574 civilis,
740 495 824 582 quod
839 508 911 580 post
923 495 1096 561 triennium
1110 510 1255 563 monum
1264 510 1329 566 ‘est

108 581 215 649 Gellia
227 583 390 668 provincia
401 583 515 648 Crasso
523 581 623 730 obtip‘

105 669 200 746 rexit,
213 681 250 734 ut
264 668 283 734 si
298 670 415 735 Senatu
432 669 463 731 in
479 689 592 752 exemp
606 689 658 731 um
677 668 827 753 deinceps
851 670 972 754 ceteris
996 668 1231 756 magistratibus
1254 693 1330 757 pro-

104 766 288 840 poneretur.
332 759 387 832 Αῑ,
402 755 476 841 quia
490 752 666 838 publicanis
680 775 793 840 regere
808 755 917 817 Asiam
928 775 993 817 non
1004 755 1200 840 permiserat,
1216 775 1328 822 eorum

103 841 340 926 conspiratione
354 840 387 903 in
397 838 554 924 judicium
566 852 697 904 vocatus
712 856 773 918 est,
799 853 831 903 et
844 839 1068 926 obequitibus,
1095 846 1151 933 qui
1164 837 1232 907 tuin
1242 841 1329 929 judi-

105 925 233 1006 cabunt,
250 926 486 991 condemnatus

377 1107 539 1174 sunus
557 1061 705 1175 'unum
728 1106 960 1174 commum
987 1113 1061 1175 sss.
1108 1169 1114 1176 .

228 1242 304 1302 Coss.
321 1241 409 1302 Coelio
423 1242 525 1316 Cnido,
539 1245 577 1303 L.
591 1244 721 1304 Domitio
734 1243 905 1314 AEnodorho,
925 1253 991 1303 ante
1006 1242 1149 1304 Christum
1163 1247 1211 1307 93.

542 1322 685 1382 Ciceronis
698 1322 818 1382 decimus
831 1323 938 1382 tertius.

143 1445 229 1513 ιΗσο
252 1469 339 1513 enno
361 1449 441 1513 nibil
465 1449 671 1515 memorabile
692 1450 779 1536 opud
803 1450 966 1516 Romanos
989 1462 1116 1536 gestum
1137 1463 1195 1515 est.
1241 1427 1331 1515 linio

108 1531 242 1599 Considi
255 1534 352 1599 Csldi
366 1558 421 1599 seu
438 1535 544 1600 Colidi
557 1557 735 1623 cognomen
749 1534 770 1598 ὲ
783 1535 963 1601 ferventiori
977 1535 1086 1601 indole
1099 1536 1211 1602 dotum
1224 1535 1330 1614 lirisse,¹

95 1620 152 1684 uit
168 1621 292 1700 Cicero,
318 1620 374 1708 lib.
391 1628 421 1686 2.
436 1621 477 1685 de
493 1622 690 1688 Inventione.

376 1831 539 1898 sunus
562 1829 706 1899 unum
730 1826 961 1895 cursurum
983 1803 1059 1897 sno.

256 1969 333 2029 Coss.
349 1966 383 2027 C.
403 1966 514 2027 Valerio
528 1966 640 2035 Flacco,
662 1966 707 2024 M.
724 1966 882 2034 Herennio,
901 1966 1127 2026 antechristum
1138 1971 1187 2029 92.

244 2051 250 2062 ‘
516 2044 657 2103 Ciceronis
668 2043 925 2122 decimusquartus.
1063 2067 1066 2074 ·

148 2173 219 2238 Hic
238 2174 289 2238 M.
309 2172 495 2238 Herennius
522 2168 707 2254 Philippum
730 2167 855 2233 summis
877 2170 980 2233 rimm
995 2167 1177 2257 eloquentie
1190 2185 1222 2237 et
1235 2172 1331 2237 nobi·

104 2259 193 2325 litate
214 2260 248 2322 in
272 2260 424 2344 petitione
446 2255 636 2321 consulatus
656 2256 824 2339 superarit.
872 2254 914 2318 T.
944 2254 1062 2319 Didius
1087 2255 1128 2322 de
1151 2257 1330 2339 Celtiberis,

107 2345 147 2410 P.
158 2344 301 2409 Licinius
314 2345 447 2409 Crassus
462 2342 502 2406 de
517 2340 684 2416 Lusitanis,
701 2339 917 2423 triumpharit.
934 2339 973 2405 P.
984 2340 1133 2421 Rutilius,
1143 2345 1332 2410 rirsummae

103 2430 304 2507 innocentius,
330 2425 420 2516 quii
438 2426 680 2514 publicanorum
704 2426 827 2511 injuriis
853 2426 962 2491 Asiam
988 2426 1187 2508 liberaverat,
1200 2430 1331 2497 inrisus

103 2517 243 2605 equestri
257 2514 373 2594 ordini,
389 2512 637 2601 repetundorum
653 2511 822 2576 damnatus
835 2525 893 2589 est,
907 2524 941 2577 et
954 2513 987 2576 in
1003 2514 1150 2580 exsilium
1161 2518 1287 2603 ejectus.

380 2697 542 2767 ANNUS
567 2698 710 2766 URBlS
732 2696 963 2764 CONDITAE
985 2709 1059 2767 661.

246 2836 324 2898 Coss.
340 2837 375 2898 C.
393 2835 515 2897 Claudio
529 2833 666 2907 Pulchro,
680 2835 729 2894 M.
743 2834 900 2912 Perpernsi,
913 2845 979 2895 curs
995 2835 1139 2897 &ndum
1148 2843 1199 2900 91.

521 2913 663 2975 Ciceronis
673 2913 793 2973 decimus
804 2913 926 2994 quintus.

150 3045 215 3111 His
240 3043 330 3110 Coss.
356 3043 553 3110 nobilissime
579 3042 629 3107 Μ’
639 3041 731 3106 Curii
751 3055 783 3106 et
802 3042 853 3106 M.
871 3041 1009 3127 Coponii
1034 3066 1130 3109 curres
1144 3044 1230 3129 spud
1254 3067 1331 3110 cen-

102 3131 257 3197 tumviros
285 3129 305 3196 is
331 3129 456 3195 duobus
487 3128 714 3194 consularibus
743 3139 838 3215 etque
866 3128 1050 3214 equalibus,
1080 3130 1121 3195 L.
1153 3132 1269 3197 Crasso
1297 3142 1331 3198 et

107 3218 151 3295 Q.
168 3215 319 3295 Scaerolb
340 3216 468 3281 defensa
481 3228 537 3280 est.

255 3445 263 3468 .
376 3400 539 3467 ANNUS
561 3399 704 3467 URBIS
726 3398 960 3467 CONDITAE
981 3409 1057 3468 662.

201 3536 279 3595 Coss.
289 3534 328 3597 L.
340 3534 457 3596 Marcio
473 3533 617 3615 Philippo,
633 3538 718 3595 Sesto
724 3535 807 3594 Julio
823 3536 947 3610 Coesure,
961 3546 1028 3597 onte
1039 3535 1181 3598 Christum
1192 3544 1240 3600 90.
1304 3537 1308 3546 ’

528 3614 671 3674 Ciceronis
681 3615 804 3676 decimus
813 3624 914 3675 sectus

151 3739 231 3806 Hoc
243 3761 338 3817 anno,
354 3739 456 3804 aetatis
469 3739 594 3805 decimo
609 3753 709 3821 sexto,
727 3741 843 3808 Cicero
857 3745 991 3810 excessit
1006 3744 1025 3808 d
1039 3744 1187 3831 pueritiis,
1200 3727 1246 3809 in
1267 3743 1332 3832 qut

106 3824 191 3892 miris
202 3827 299 3896 enimi
313 3824 461 3890 felicitate
475 3825 513 3889 iis
537 3827 684 3892 omnibus
709 3829 829 3894 artibus
855 3830 1026 3898 instructus
1049 3843 1105 3910 est,
1131 3831 1246 3919 quibus
1271 3852 1331 3917 per

7 3939 12 3946 ·
105 3912 194 3978 illem
209 3925 335 3977 aetatem
349 3911 439 3997 pueri
454 3910 494 3974 sd
510 3910 737 3978 humanitatem
753 3914 917 3980 informari
932 3917 1053 3982 solent:
1075 3916 1261 3982 incredibile
1283 3927 1331 3981 est

106 3996 260 4085 quentdm
275 3999 342 4084 ejus
360 3997 524 4084 ingenium
549 3996 695 4078 eluxerit,
744 4000 902 4088 uentique
924 4016 1006 4068 esset
1027 4002 1114 4088 apud
1138 4001 1272 4090 aequales
1295 4002 1331 4065 in

106 4084 318 4148 veneratione.
368 4081 541 4148 Nemeum
558 4098 684 4149 euntem
708 4022 748 4149 ii
773 4085 896 4166 ludum,
922 4100 955 4154 et
975 4087 1171 4166 redeuntem,
1200 4085 1332 4151 honoris

105 4166 222 4256 gratiis,
236 4169 376 4235 medium
390 4164 598 4235 deducebant.
620 4169 847 4236 Delectabatur
857 4173 889 4236 in
899 4174 1009 4258 primis
1020 4174 1118 4260 po'c‘si.
1141 4170 1331 4240 Plutarchus

106 4252 228 4330 scribit,
255 4254 404 4319 Pontium
422 4253 579 4334 Glaucum
598 4257 787 4321 tetrametris
813 4260 1035 4345 composuisse,
1061 4271 1155 4346 etque
1176 4279 1249 4324 eum
1272 4256 1332 4323 sub

107 4351 202 4406 erote
211 4338 321 4406 edhuc
334 4341 501 4407 exstitisse.
526 4340 627 4407 Juxta
641 4342 808 4430 antiquum
821 4365 954 4424 morem,
969 4342 1098 4433 sumpts
1111 4342 1195 4411 virili
1209 4342 1295 4433 rogi,
1310 4341 1331 4408 ὲ

617 595 652 658 rt,
669 581 746 647 Asis
759 580 918 659 Scaevolse,
931 603 1026 668 quem
1037 581 1129 647 tenti
1139 583 1330 651 abstinentia
1442 608 1446 616 ·
