<?xml version="1.0" encoding="UTF-8"?>
<!DOCTYPE html PUBLIC "-//W3C//DTD XHTML 1.0 Transitional//EN"
    "http://www.w3.org/TR/xhtml1/DTD/xhtml1-transitional.dtd">
<html xmlns="http://www.w3.org/1999/xhtml" xml:lang="en" lang="en">
 <head>
  <title>
</title>
<meta http-equiv="Content-Type" content="text/html;charset=utf-8" />
  <meta name='ocr-system' content='tesseract 3.04.00' />
  <meta name='ocr-capabilities' content='ocr_page ocr_carea ocr_par ocr_line ocrx_word'/>
</head>
<body>
  <div class='ocr_page' id='page_1' title='image "./selectaemtcicer00caregoog_0196.png"; bbox 0 0 2959 4959; ppageno 0'>
   <div class='ocr_carea' id='block_1_1' title="bbox 144 335 956 413">
    <p class='ocr_par' dir='ltr' id='par_1_1' title="bbox 144 335 956 413">
     <span class='ocr_line' id='line_1_1' title="bbox 144 335 956 413; baseline -0.009 -3"><span class='ocrx_word' id='word_1_1' title='bbox 144 350 208 413; x_wconf 63' lang='lat' dir='ltr'><strong>lid</strong></span> <span class='ocrx_word' id='word_1_2' title='bbox 615 335 711 407; x_wconf 76' lang='lat' dir='ltr'><strong>PRO</strong></span> <span class='ocrx_word' id='word_1_3' title='bbox 733 335 956 407; x_wconf 79' lang='lat' dir='ltr'><strong>MURENA.</strong></span> 
     </span>
    </p>
   </div>
   <div class='ocr_carea' id='block_1_2' title="bbox 139 466 1379 1473">
    <p class='ocr_par' dir='ltr' id='par_1_2' title="bbox 180 466 1379 731">
     <span class='ocr_line' id='line_1_2' title="bbox 180 466 1379 556; baseline -0.003 -20"><span class='ocrx_word' id='word_1_4' title='bbox 180 502 184 517; x_wconf 88' lang='lat'><strong>·</strong></span> <span class='ocrx_word' id='word_1_5' title='bbox 198 469 226 536; x_wconf 87' lang='lat' dir='ltr'><strong>si</strong></span> <span class='ocrx_word' id='word_1_6' title='bbox 249 474 300 556; x_wconf 89' lang='lat' dir='ltr'><strong>(ut</strong></span> <span class='ocrx_word' id='word_1_7' title='bbox 313 470 475 538; x_wconf 74' lang='lat' dir='ltr'><strong>nonnullis</strong></span> <span class='ocrx_word' id='word_1_8' title='bbox 488 471 527 535; x_wconf 90' lang='lat' dir='ltr'><strong>in·</strong></span> <span class='ocrx_word' id='word_1_9' title='bbox 541 467 721 541; x_wconf 83' lang='lat' dir='ltr'><strong>civitatibus</strong></span> <span class='ocrx_word' id='word_1_10' title='bbox 735 467 807 533; x_wconf 80' lang='lat' dir='ltr'><strong>fieri</strong></span> <span class='ocrx_word' id='word_1_11' title='bbox 820 466 916 548; x_wconf 85' lang='lat' dir='ltr'><strong>solet)</strong></span> <span class='ocrx_word' id='word_1_12' title='bbox 931 481 1085 552; x_wconf 75' lang='lat' dir='ltr'><strong>petronus</strong></span> <span class='ocrx_word' id='word_1_13' title='bbox 1099 466 1175 535; x_wconf 85' lang='lat' dir='ltr'><strong>huic</strong></span> <span class='ocrx_word' id='word_1_14' title='bbox 1194 489 1296 535; x_wconf 74' lang='lat' dir='ltr'><strong>masse</strong></span> <span class='ocrx_word' id='word_1_15' title='bbox 1307 486 1379 553; x_wconf 57' lang='lat' dir='ltr'><strong>pu·x</strong></span> 
     </span>
     <span class='ocr_line' id='line_1_3' title="bbox 196 552 1375 640; baseline -0.003 -18"><span class='ocrx_word' id='word_1_16' title='bbox 196 556 282 622; x_wconf 87' lang='lat' dir='ltr'><strong>blioe</strong></span> <span class='ocrx_word' id='word_1_17' title='bbox 294 558 547 634; x_wconf 80' lang='lat' dir='ltr'><strong>constitueretur,</strong></span> <span class='ocrx_word' id='word_1_18' title='bbox 563 555 590 618; x_wconf 90' lang='lat' dir='ltr'><strong>is</strong></span> <span class='ocrx_word' id='word_1_19' title='bbox 602 552 770 640; x_wconf 69' lang='lat' dir='ltr'><strong>potissime</strong></span> <span class='ocrx_word' id='word_1_20' title='bbox 784 552 931 621; x_wconf 69' lang='lat' dir='ltr'><strong>⁸honore</strong></span> <span class='ocrx_word' id='word_1_21' title='bbox 944 554 1059 619; x_wconf 84' lang='lat' dir='ltr'><strong>affecto</strong></span> <span class='ocrx_word' id='word_1_22' title='bbox 1072 553 1220 623; x_wconf 86' lang='lat' dir='ltr'><strong>defensor</strong></span> <span class='ocrx_word' id='word_1_23' title='bbox 1231 553 1375 634; x_wconf 79' lang='lat' dir='ltr'><strong>timetur,</strong></span> 
     </span>
     <span class='ocr_line' id='line_1_4' title="bbox 197 638 1375 731; baseline -0.001 -24"><span class='ocrx_word' id='word_1_24' title='bbox 197 643 264 731; x_wconf 85' lang='lat' dir='ltr'><strong>qui,</strong></span> <span class='ocrx_word' id='word_1_25' title='bbox 279 644 391 709; x_wconf 88' lang='lat' dir='ltr'><strong>eodem</strong></span> <span class='ocrx_word' id='word_1_26' title='bbox 407 644 530 709; x_wconf 87' lang='lat' dir='ltr'><strong>bonore</strong></span> <span class='ocrx_word' id='word_1_27' title='bbox 542 640 705 726; x_wconf 83' lang='lat' dir='ltr'><strong>praeditus,</strong></span> <span class='ocrx_word' id='word_1_28' title='bbox 718 638 784 704; x_wconf 81' lang='lat' dir='ltr'><strong>non</strong></span> <span class='ocrx_word' id='word_1_29' title='bbox 796 640 902 704; x_wconf 90' lang='lat' dir='ltr'><strong>minus</strong></span> <span class='ocrx_word' id='word_1_30' title='bbox 916 639 1045 705; x_wconf 84' lang='lat' dir='ltr'><strong>afferret</strong></span> <span class='ocrx_word' id='word_1_31' title='bbox 1058 638 1098 704; x_wconf 87' lang='lat' dir='ltr'><strong>ad</strong></span> <span class='ocrx_word' id='word_1_32' title='bbox 1114 640 1283 708; x_wconf 85' lang='lat' dir='ltr'><strong>dicendum</strong></span> <span class='ocrx_word' id='word_1_33' title='bbox 1293 661 1375 706; x_wconf 79' lang='lat' dir='ltr'><strong>euo-</strong></span> 
     </span>
    </p>

    <p class='ocr_par' dir='ltr' id='par_1_3' title="bbox 140 722 1377 902">
     <span class='ocr_line' id='line_1_5' title="bbox 140 722 1374 817; baseline -0.003 -24"><span class='ocrx_word' id='word_1_34' title='bbox 140 753 185 812; x_wconf 75' lang='lat'><strong>45</strong></span> <span class='ocrx_word' id='word_1_35' title='bbox 196 730 344 810; x_wconf 81' lang='lat' dir='ltr'><strong>totitatis,</strong></span> <span class='ocrx_word' id='word_1_36' title='bbox 372 726 468 817; x_wconf 76' lang='lat' dir='ltr'><strong>qudm</strong></span> <span class='ocrx_word' id='word_1_37' title='bbox 492 726 661 792; x_wconf 79' lang='lat' dir='ltr'><strong>facultatis.</strong></span> <span class='ocrx_word' id='word_1_38' title='bbox 704 723 805 803; x_wconf 85' lang='lat' dir='ltr'><strong>Qubd</strong></span> <span class='ocrx_word' id='word_1_39' title='bbox 820 726 857 805; x_wconf 86' lang='lat' dir='ltr'><strong>si,</strong></span> <span class='ocrx_word' id='word_1_40' title='bbox 883 722 902 788; x_wconf 73' lang='grc' dir='ltr'>ὲ</span> <span class='ocrx_word' id='word_1_41' title='bbox 927 740 1025 810; x_wconf 82' lang='grc' dir='ltr'>ροιιιι</span> <span class='ocrx_word' id='word_1_42' title='bbox 1051 725 1256 804; x_wconf 77' lang='lat' dir='ltr'><strong>solventibus,</strong></span> <span class='ocrx_word' id='word_1_43' title='bbox 1277 725 1374 813; x_wconf 86' lang='lat' dir='ltr'><strong>liqui</strong></span> 
     </span>
     <span class='ocr_line' id='line_1_6' title="bbox 196 810 1377 902; baseline -0.003 -21"><span class='ocrx_word' id='word_1_44' title='bbox 196 815 205 830; x_wconf 81' lang='lat'>‘</span> <span class='ocrx_word' id='word_1_45' title='bbox 228 837 259 880; x_wconf 93' lang='lat' dir='ltr'><strong>m</strong></span> <span class='ocrx_word' id='word_1_46' title='bbox 275 817 307 881; x_wconf 92' lang='lat' dir='ltr'><strong>in</strong></span> <span class='ocrx_word' id='word_1_47' title='bbox 323 831 450 902; x_wconf 85' lang='lat' dir='ltr'><strong>portum</strong></span> <span class='ocrx_word' id='word_1_48' title='bbox 473 835 514 878; x_wconf 84' lang='lat' dir='ltr'><strong>ex</strong></span> <span class='ocrx_word' id='word_1_49' title='bbox 540 811 629 878; x_wconf 80' lang='lat' dir='ltr'><strong>halto</strong></span> <span class='ocrx_word' id='word_1_50' title='bbox 643 810 848 887; x_wconf 82' lang='lat' dir='ltr'><strong>invehuntur,</strong></span> <span class='ocrx_word' id='word_1_51' title='bbox 870 812 1045 896; x_wconf 80' lang='lat' dir='ltr'><strong>praecipere</strong></span> <span class='ocrx_word' id='word_1_52' title='bbox 1058 833 1184 876; x_wconf 87' lang='lat' dir='ltr'><strong>summo</strong></span> <span class='ocrx_word' id='word_1_53' title='bbox 1198 812 1303 877; x_wconf 91' lang='lat' dir='ltr'><strong>studio</strong></span> <span class='ocrx_word' id='word_1_54' title='bbox 1320 833 1377 876; x_wconf 83' lang='lat' dir='ltr'><strong>so·</strong></span> 
     </span>
    </p>

    <p class='ocr_par' dir='ltr' id='par_1_4' title="bbox 139 896 1379 1473">
     <span class='ocr_line' id='line_1_7' title="bbox 226 896 1375 985; baseline -0.002 -20"><span class='ocrx_word' id='word_1_55' title='bbox 226 918 263 967; x_wconf 87' lang='lat' dir='ltr'><strong>nt</strong></span> <span class='ocrx_word' id='word_1_56' title='bbox 285 916 317 967; x_wconf 90' lang='lat' dir='ltr'><strong>et</strong></span> <span class='ocrx_word' id='word_1_57' title='bbox 341 911 560 984; x_wconf 68' lang='lat' dir='ltr'><strong>tempestatum</strong></span> <span class='ocrx_word' id='word_1_58' title='bbox 582 898 751 974; x_wconf 82' lang='lat' dir='ltr'><strong>rationem,</strong></span> <span class='ocrx_word' id='word_1_59' title='bbox 773 909 806 963; x_wconf 92' lang='lat' dir='ltr'><strong>et</strong></span> <span class='ocrx_word' id='word_1_60' title='bbox 826 898 1026 982; x_wconf 68' lang='lat' dir='ltr'><strong>predonum,</strong></span> <span class='ocrx_word' id='word_1_61' title='bbox 1049 909 1082 960; x_wconf 90' lang='lat' dir='ltr'><strong>et</strong></span> <span class='ocrx_word' id='word_1_62' title='bbox 1102 896 1247 963; x_wconf 87' lang='lat' dir='ltr'><strong>locorum</strong></span> <span class='ocrx_word' id='word_1_63' title='bbox 1271 896 1375 985; x_wconf 88' lang='lat' dir='ltr'><strong>(quod</strong></span> 
     </span>
     <span class='ocr_line' id='line_1_8' title="bbox 194 980 1377 1071; baseline -0.003 -19"><span class='ocrx_word' id='word_1_64' title='bbox 194 1002 311 1052; x_wconf 81' lang='lat' dir='ltr'><strong>natura</strong></span> <span class='ocrx_word' id='word_1_65' title='bbox 323 986 414 1051; x_wconf 86' lang='lat' dir='ltr'><strong>affert</strong></span> <span class='ocrx_word' id='word_1_66' title='bbox 430 1000 464 1050; x_wconf 89' lang='lat' dir='ltr'><strong>ut</strong></span> <span class='ocrx_word' id='word_1_67' title='bbox 475 983 520 1049; x_wconf 86' lang='lat' dir='ltr'><strong>eis</strong></span> <span class='ocrx_word' id='word_1_68' title='bbox 534 983 704 1065; x_wconf 77' lang='lat' dir='ltr'><strong>favepmus,</strong></span> <span class='ocrx_word' id='word_1_69' title='bbox 726 983 784 1071; x_wconf 92' lang='lat' dir='ltr'><strong>qui</strong></span> <span class='ocrx_word' id='word_1_70' title='bbox 797 984 907 1049; x_wconf 78' lang='lat' dir='ltr'><strong>eodem</strong></span> <span class='ocrx_word' id='word_1_71' title='bbox 923 980 1073 1069; x_wconf 81' lang='lat' dir='ltr'><strong>pericula,</strong></span> <span class='ocrx_word' id='word_1_72' title='bbox 1095 983 1212 1069; x_wconf 89' lang='lat' dir='ltr'><strong>quibus</strong></span> <span class='ocrx_word' id='word_1_73' title='bbox 1226 1006 1284 1049; x_wconf 88' lang='lat' dir='ltr'><strong>uos</strong></span> <span class='ocrx_word' id='word_1_74' title='bbox 1298 1004 1377 1070; x_wconf 71' lang='lat' dir='ltr'><strong>pet·</strong></span> 
     </span>
     <span class='ocr_line' id='line_1_9' title="bbox 193 1068 1376 1156; baseline -0.002 -19"><span class='ocrx_word' id='word_1_75' title='bbox 193 1073 294 1137; x_wconf 81' lang='lat' dir='ltr'><strong>functi</strong></span> <span class='ocrx_word' id='word_1_76' title='bbox 315 1092 433 1148; x_wconf 87' lang='lat' dir='ltr'><strong>sumus,</strong></span> <span class='ocrx_word' id='word_1_77' title='bbox 456 1068 691 1156; x_wconf 74' lang='lat' dir='ltr'><strong>ingrediuntur)</strong></span> <span class='ocrx_word' id='word_1_78' title='bbox 701 1094 711 1147; x_wconf 72' lang='grc' dir='ltr'><strong><em>ς</em></strong></span> <span class='ocrx_word' id='word_1_79' title='bbox 733 1092 799 1156; x_wconf 92' lang='lat' dir='ltr'><strong>quo</strong></span> <span class='ocrx_word' id='word_1_80' title='bbox 820 1069 947 1134; x_wconf 85' lang='lat' dir='ltr'><strong>tandem</strong></span> <span class='ocrx_word' id='word_1_81' title='bbox 964 1091 1015 1133; x_wconf 87' lang='lat' dir='ltr'><strong>me</strong></span> <span class='ocrx_word' id='word_1_82' title='bbox 1028 1068 1136 1133; x_wconf 90' lang='lat' dir='ltr'><strong>animo</strong></span> <span class='ocrx_word' id='word_1_83' title='bbox 1151 1091 1219 1133; x_wconf 88' lang='lat' dir='ltr'><strong>esse</strong></span> <span class='ocrx_word' id='word_1_84' title='bbox 1231 1081 1376 1155; x_wconf 77' lang='lat' dir='ltr'><strong>oportet,</strong></span> 
     </span>
     <span class='ocr_line' id='line_1_10' title="bbox 139 1142 1377 1254; baseline 0.002 -35"><span class='ocrx_word' id='word_1_85' title='bbox 139 1153 295 1242; x_wconf 66' lang='lat' dir='ltr'><strong>mpropd</strong></span> <span class='ocrx_word' id='word_1_86' title='bbox 314 1157 382 1245; x_wconf 86' lang='lat' dir='ltr'><strong>jam</strong></span> <span class='ocrx_word' id='word_1_87' title='bbox 404 1178 445 1220; x_wconf 85' lang='lat' dir='ltr'><strong>ex</strong></span> <span class='ocrx_word' id='word_1_88' title='bbox 471 1154 588 1254; x_wconf 70' lang='lat' dir='ltr'><strong>magni</strong></span> <span class='ocrx_word' id='word_1_89' title='bbox 604 1142 779 1242; x_wconf 77' lang='lat' dir='ltr'><strong>jaictatioue</strong></span> <span class='ocrx_word' id='word_1_90' title='bbox 802 1168 920 1221; x_wconf 87' lang='lat' dir='ltr'><strong>terram</strong></span> <span class='ocrx_word' id='word_1_91' title='bbox 947 1154 1117 1231; x_wconf 87' lang='lat' dir='ltr'><strong>videntem,</strong></span> <span class='ocrx_word' id='word_1_92' title='bbox 1140 1153 1295 1233; x_wconf 80' lang='lat' dir='ltr'><strong>inhunc,</strong></span> <span class='ocrx_word' id='word_1_93' title='bbox 1319 1156 1377 1221; x_wconf 87' lang='lat' dir='ltr'><strong>cui</strong></span> 
     </span>
     <span class='ocr_line' id='line_1_11' title="bbox 192 1236 1379 1327; baseline 0.002 -23"><span class='ocrx_word' id='word_1_94' title='bbox 192 1240 286 1305; x_wconf 81' lang='lat' dir='ltr'><strong>video</strong></span> <span class='ocrx_word' id='word_1_95' title='bbox 302 1242 455 1309; x_wconf 80' lang='lat' dir='ltr'><strong>maximas</strong></span> <span class='ocrx_word' id='word_1_96' title='bbox 471 1241 567 1327; x_wconf 81' lang='lat' dir='ltr'><strong>Retp.</strong></span> <span class='ocrx_word' id='word_1_97' title='bbox 581 1253 783 1327; x_wconf 83' lang='lat' dir='ltr'><strong>tempestates</strong></span> <span class='ocrx_word' id='word_1_98' title='bbox 807 1236 1092 1306; x_wconf 85' lang='lat' dir='ltr'><strong>essesubeundss?</strong></span> <span class='ocrx_word' id='word_1_99' title='bbox 1134 1237 1259 1317; x_wconf 72' lang='lat' dir='ltr'><strong>Quarti,</strong></span> <span class='ocrx_word' id='word_1_100' title='bbox 1281 1241 1310 1306; x_wconf 91' lang='lat' dir='ltr'><strong>si</strong></span> <span class='ocrx_word' id='word_1_101' title='bbox 1325 1253 1379 1306; x_wconf 81' lang='lat' dir='ltr'><strong>est</strong></span> 
     </span>
     <span class='ocr_line' id='line_1_12' title="bbox 191 1322 1375 1473; baseline 0 -81"><span class='ocrx_word' id='word_1_102' title='bbox 191 1326 271 1392; x_wconf 89' lang='lat' dir='ltr'><strong>boni</strong></span> <span class='ocrx_word' id='word_1_103' title='bbox 295 1328 443 1404; x_wconf 88' lang='lat' dir='ltr'><strong>consulis,</strong></span> <span class='ocrx_word' id='word_1_104' title='bbox 465 1348 532 1391; x_wconf 91' lang='lat' dir='ltr'><strong>non</strong></span> <span class='ocrx_word' id='word_1_105' title='bbox 550 1326 656 1393; x_wconf 81' lang='lat' dir='ltr'><strong>soltim</strong></span> <span class='ocrx_word' id='word_1_106' title='bbox 671 1328 780 1392; x_wconf 87' lang='lat' dir='ltr'><strong>videre</strong></span> <span class='ocrx_word' id='word_1_107' title='bbox 793 1326 872 1413; x_wconf 92' lang='lat' dir='ltr'><strong>quid</strong></span> <span class='ocrx_word' id='word_1_108' title='bbox 892 1330 1016 1412; x_wconf 76' lang='lat' dir='ltr'><strong>agatur,</strong></span> <span class='ocrx_word' id='word_1_109' title='bbox 1039 1322 1148 1390; x_wconf 85' lang='lat' dir='ltr'><strong>verdm</strong></span> <span class='ocrx_word' id='word_1_110' title='bbox 1170 1326 1264 1409; x_wconf 88' lang='lat' dir='ltr'><strong>etiam</strong></span> <span class='ocrx_word' id='word_1_111' title='bbox 1287 1348 1375 1473; x_wconf 68' lang='lat' dir='ltr'><strong>pro·</strong></span> 
     </span>
    </p>
   </div>
   <div class='ocr_carea' id='block_1_3' title="bbox 50 1405 1378 1513">
    <p class='ocr_par' dir='ltr' id='par_1_5' title="bbox 50 1405 1378 1513">
     <span class='ocr_line' id='line_1_13' title="bbox 50 1405 1378 1513; baseline 0.001 -37"><span class='ocrx_word' id='word_1_112' title='bbox 50 1497 56 1506; x_wconf 27' lang='grc' dir='ltr'>ι</span> <span class='ocrx_word' id='word_1_113' title='bbox 130 1428 136 1435; x_wconf 80' lang='grc'><em>“</em></span> <span class='ocrx_word' id='word_1_114' title='bbox 190 1411 299 1477; x_wconf 81' lang='lat' dir='ltr'><strong>uidere</strong></span> <span class='ocrx_word' id='word_1_115' title='bbox 321 1412 398 1513; x_wconf 77' lang='lat' dir='ltr'><strong>qnid</strong></span> <span class='ocrx_word' id='word_1_116' title='bbox 420 1413 562 1478; x_wconf 76' lang='lat' dir='ltr'><strong>futurum</strong></span> <span class='ocrx_word' id='word_1_117' title='bbox 586 1413 645 1489; x_wconf 84' lang='lat' dir='ltr'><strong>sit3</strong></span> <span class='ocrx_word' id='word_1_118' title='bbox 678 1411 845 1477; x_wconf 89' lang='lat' dir='ltr'><strong>ostendam</strong></span> <span class='ocrx_word' id='word_1_119' title='bbox 873 1412 936 1476; x_wconf 88' lang='lat' dir='ltr'><strong>alio</strong></span> <span class='ocrx_word' id='word_1_120' title='bbox 964 1405 1056 1488; x_wconf 73' lang='lat' dir='ltr'><strong>loco,</strong></span> <span class='ocrx_word' id='word_1_121' title='bbox 1101 1425 1233 1476; x_wconf 88' lang='lat' dir='ltr'><strong>uantum</strong></span> <span class='ocrx_word' id='word_1_122' title='bbox 1257 1414 1378 1477; x_wconf 84' lang='lat' dir='ltr'><strong>sautis</strong></span> 
     </span>
    </p>
   </div>
   <div class='ocr_carea' id='block_1_4' title="bbox 34 3244 47 3275">
    <p class='ocr_par' dir='ltr' id='par_1_6' title="bbox 34 3244 47 3275">
     <span class='ocr_line' id='line_1_14' title="bbox 34 3244 47 3275; baseline 0 -2"><span class='ocrx_word' id='word_1_123' title='bbox 34 3244 47 3275; x_wconf 88' lang='grc' dir='ltr'><strong><em>Ι</em></strong></span> 
     </span>
    </p>
   </div>
   <div class='ocr_carea' id='block_1_5' title="bbox 134 1495 1378 2100">
    <p class='ocr_par' dir='ltr' id='par_1_7' title="bbox 134 1495 1378 2100">
     <span class='ocr_line' id='line_1_15' title="bbox 191 1495 1377 1582; baseline -0.001 -20"><span class='ocrx_word' id='word_1_124' title='bbox 191 1518 370 1564; x_wconf 81' lang='lat' dir='ltr'><strong>eommunis</strong></span> <span class='ocrx_word' id='word_1_125' title='bbox 385 1499 519 1576; x_wconf 88' lang='lat' dir='ltr'><strong>intersit,</strong></span> <span class='ocrx_word' id='word_1_126' title='bbox 541 1497 624 1563; x_wconf 90' lang='lat' dir='ltr'><strong>duos</strong></span> <span class='ocrx_word' id='word_1_127' title='bbox 638 1497 784 1563; x_wconf 86' lang='lat' dir='ltr'><strong>consules</strong></span> <span class='ocrx_word' id='word_1_128' title='bbox 799 1497 831 1563; x_wconf 91' lang='lat' dir='ltr'><strong>iu</strong></span> <span class='ocrx_word' id='word_1_129' title='bbox 853 1497 1062 1582; x_wconf 81' lang='lat' dir='ltr'><strong>republich</strong></span> <span class='ocrx_word' id='word_1_130' title='bbox 1093 1497 1184 1562; x_wconf 89' lang='lat' dir='ltr'><strong>endis</strong></span> <span class='ocrx_word' id='word_1_131' title='bbox 1206 1495 1377 1561; x_wconf 73' lang='lat' dir='ltr'><strong>ianuariis</strong></span> 
     </span>
     <span class='ocr_line' id='line_1_16' title="bbox 135 1581 1378 1669; baseline 0.001 -21"><span class='ocrx_word' id='word_1_132' title='bbox 135 1609 180 1669; x_wconf 73' lang='lat'><strong>55</strong></span> <span class='ocrx_word' id='word_1_133' title='bbox 190 1605 267 1648; x_wconf 82' lang='lat' dir='ltr'><strong>osse.</strong></span> <span class='ocrx_word' id='word_1_134' title='bbox 314 1583 413 1662; x_wconf 90' lang='lat' dir='ltr'><strong>Quod</strong></span> <span class='ocrx_word' id='word_1_135' title='bbox 434 1584 459 1648; x_wconf 87' lang='lat' dir='ltr'><strong>si</strong></span> <span class='ocrx_word' id='word_1_136' title='bbox 475 1585 520 1648; x_wconf 82' lang='lat' dir='ltr'><strong>ita</strong></span> <span class='ocrx_word' id='word_1_137' title='bbox 541 1597 597 1663; x_wconf 84' lang='lat' dir='ltr'><strong>est,</strong></span> <span class='ocrx_word' id='word_1_138' title='bbox 629 1606 694 1648; x_wconf 91' lang='lat' dir='ltr'><strong>nou</strong></span> <span class='ocrx_word' id='word_1_139' title='bbox 720 1596 789 1647; x_wconf 87' lang='lat' dir='ltr'><strong>tem</strong></span> <span class='ocrx_word' id='word_1_140' title='bbox 802 1582 1012 1648; x_wconf 81' lang='lat' dir='ltr'><strong>uteofficium·</strong></span> <span class='ocrx_word' id='word_1_141' title='bbox 1030 1581 1142 1647; x_wconf 85' lang='lat' dir='ltr'><strong>debuit</strong></span> <span class='ocrx_word' id='word_1_142' title='bbox 1164 1581 1205 1646; x_wconf 90' lang='lat' dir='ltr'><strong>ad</strong></span> <span class='ocrx_word' id='word_1_143' title='bbox 1230 1581 1378 1649; x_wconf 79' lang='lat' dir='ltr'><strong>hominis</strong></span> 
     </span>
     <span class='ocr_line' id='line_1_17' title="bbox 189 1666 1374 1757; baseline -0.001 -23"><span class='ocrx_word' id='word_1_144' title='bbox 189 1669 285 1735; x_wconf 86' lang='lat' dir='ltr'><strong>amici</strong></span> <span class='ocrx_word' id='word_1_145' title='bbox 310 1670 464 1748; x_wconf 85' lang='lat' dir='ltr'><strong>fortunas,</strong></span> <span class='ocrx_word' id='word_1_146' title='bbox 487 1668 583 1757; x_wconf 76' lang='lat' dir='ltr'><strong>quim</strong></span> <span class='ocrx_word' id='word_1_147' title='bbox 608 1668 788 1756; x_wconf 79' lang='lat' dir='ltr'><strong>respublica</strong></span> <span class='ocrx_word' id='word_1_148' title='bbox 809 1668 971 1734; x_wconf 88' lang='lat' dir='ltr'><strong>consulem</strong></span> <span class='ocrx_word' id='word_1_149' title='bbox 995 1667 1037 1733; x_wconf 87' lang='lat' dir='ltr'><strong>ad</strong></span> <span class='ocrx_word' id='word_1_150' title='bbox 1058 1688 1261 1755; x_wconf 83' lang='lat' dir='ltr'><strong>communem</strong></span> <span class='ocrx_word' id='word_1_151' title='bbox 1281 1666 1374 1733; x_wconf 80' lang='lat' dir='ltr'><strong>solu·</strong></span> 
     </span>
     <span class='ocr_line' id='line_1_18' title="bbox 190 1752 1373 1841; baseline 0.001 -23"><span class='ocrx_word' id='word_1_152' title='bbox 190 1767 254 1819; x_wconf 86' lang='lat' dir='ltr'><strong>tem</strong></span> <span class='ocrx_word' id='word_1_153' title='bbox 284 1755 527 1834; x_wconf 81' lang='lat' dir='ltr'><strong>defendendam,</strong></span> <span class='ocrx_word' id='word_1_154' title='bbox 550 1777 674 1821; x_wconf 84' lang='lat' dir='ltr'><strong>vocare.</strong></span> <span class='ocrx_word' id='word_1_155' title='bbox 719 1755 814 1833; x_wconf 87' lang='lat' dir='ltr'><strong>Nam,</strong></span> <span class='ocrx_word' id='word_1_156' title='bbox 848 1753 935 1841; x_wconf 84' lang='lat' dir='ltr'><strong>qubd</strong></span> <span class='ocrx_word' id='word_1_157' title='bbox 957 1754 1061 1841; x_wconf 85' lang='lat' dir='ltr'><strong>legem</strong></span> <span class='ocrx_word' id='word_1_158' title='bbox 1086 1752 1129 1818; x_wconf 84' lang='lat' dir='ltr'><strong>de</strong></span> <span class='ocrx_word' id='word_1_159' title='bbox 1152 1753 1275 1820; x_wconf 86' lang='lat' dir='ltr'><strong>ambitu</strong></span> <span class='ocrx_word' id='word_1_160' title='bbox 1297 1754 1373 1830; x_wconf 90' lang='lat' dir='ltr'><strong>tuli,</strong></span> 
     </span>
     <span class='ocr_line' id='line_1_19' title="bbox 190 1837 1373 1929; baseline -0.001 -23"><span class='ocrx_word' id='word_1_161' title='bbox 190 1837 278 1906; x_wconf 71' lang='lat' dir='ltr'><strong>certe</strong></span> <span class='ocrx_word' id='word_1_162' title='bbox 301 1843 345 1906; x_wconf 86' lang='lat' dir='ltr'><strong>ita</strong></span> <span class='ocrx_word' id='word_1_163' title='bbox 370 1841 439 1919; x_wconf 90' lang='lat' dir='ltr'><strong>tuli,</strong></span> <span class='ocrx_word' id='word_1_164' title='bbox 462 1854 498 1906; x_wconf 92' lang='lat' dir='ltr'><strong>ut</strong></span> <span class='ocrx_word' id='word_1_165' title='bbox 512 1863 593 1918; x_wconf 86' lang='lat' dir='ltr'><strong>eam,</strong></span> <span class='ocrx_word' id='word_1_166' title='bbox 615 1863 712 1929; x_wconf 88' lang='lat' dir='ltr'><strong>quum</strong></span> <span class='ocrx_word' id='word_1_167' title='bbox 727 1840 874 1910; x_wconf 88' lang='lat' dir='ltr'><strong>mihimet</strong></span> <span class='ocrx_word' id='word_1_168' title='bbox 889 1839 949 1925; x_wconf 89' lang='lat' dir='ltr'><strong>ipsi</strong></span> <span class='ocrx_word' id='word_1_169' title='bbox 971 1838 1163 1928; x_wconf 87' lang='lat' dir='ltr'><strong>jampridem</strong></span> <span class='ocrx_word' id='word_1_170' title='bbox 1179 1839 1306 1904; x_wconf 86' lang='lat' dir='ltr'><strong>tulerim</strong></span> <span class='ocrx_word' id='word_1_171' title='bbox 1327 1839 1373 1905; x_wconf 78' lang='lat' dir='ltr'><strong>de</strong></span> 
     </span>
     <span class='ocr_line' id='line_1_20' title="bbox 189 1924 1353 2013; baseline -0.001 -22"><span class='ocrx_word' id='word_1_172' title='bbox 189 1927 306 1992; x_wconf 80' lang='lat' dir='ltr'><strong>civium</strong></span> <span class='ocrx_word' id='word_1_173' title='bbox 318 1924 481 2012; x_wconf 73' lang='lat' dir='ltr'><strong>=periculis</strong></span> <span class='ocrx_word' id='word_1_174' title='bbox 501 1925 719 2005; x_wconf 85' lang='lat' dir='ltr'><strong>defendendis,</strong></span> <span class='ocrx_word' id='word_1_175' title='bbox 741 1949 808 1991; x_wconf 88' lang='grc' dir='ltr'>ιιοιι</span> <span class='ocrx_word' id='word_1_176' title='bbox 823 1927 1023 2013; x_wconf 80' lang='lat' dir='ltr'><strong>abrogarem.</strong></span> <span class='ocrx_word' id='word_1_177' title='bbox 1068 1925 1209 2004; x_wconf 89' lang='lat' dir='ltr'><strong>Etenim,</strong></span> <span class='ocrx_word' id='word_1_178' title='bbox 1229 1926 1254 1989; x_wconf 88' lang='lat' dir='ltr'><strong>si</strong></span> <span class='ocrx_word' id='word_1_179' title='bbox 1271 1924 1302 1990; x_wconf 82' lang='lat' dir='ltr'><strong>la</strong></span> <span class='ocrx_word' id='word_1_180' title='bbox 1345 1924 1353 1941; x_wconf 86' lang='grc'>’</span> 
     </span>
     <span class='ocr_line' id='line_1_21' title="bbox 134 1947 1372 2100; baseline 0 -23"><span class='ocrx_word' id='word_1_181' title='bbox 134 2012 309 2100; x_wconf 48' lang='lat' dir='ltr'><strong>ationem</strong></span> <span class='ocrx_word' id='word_1_182' title='bbox 333 2013 447 2079; x_wconf 71' lang='lat' dir='ltr'><strong>lectam</strong></span> <span class='ocrx_word' id='word_1_183' title='bbox 467 2035 534 2078; x_wconf 89' lang='lat' dir='ltr'><strong>esse</strong></span> <span class='ocrx_word' id='word_1_184' title='bbox 553 2012 732 2090; x_wconf 86' lang='lat' dir='ltr'><strong>confiterer,</strong></span> <span class='ocrx_word' id='word_1_185' title='bbox 755 2013 852 2099; x_wconf 88' lang='lat' dir='ltr'><strong>idque</strong></span> <span class='ocrx_word' id='word_1_186' title='bbox 874 2008 960 2077; x_wconf 72' lang='lat' dir='ltr'><strong>recte</strong></span> <span class='ocrx_word' id='word_1_187' title='bbox 982 2011 1101 2077; x_wconf 82' lang='lat' dir='ltr'><strong>sactum</strong></span> <span class='ocrx_word' id='word_1_188' title='bbox 1126 2034 1194 2076; x_wconf 89' lang='lat' dir='ltr'><strong>esse</strong></span> <span class='ocrx_word' id='word_1_189' title='bbox 1212 1947 1372 2077; x_wconf 51' lang='lat' dir='ltr'><strong>&#39;defen&#39;dd—</strong></span> 
     </span>
    </p>
   </div>
   <div class='ocr_carea' id='block_1_6' title="bbox 78 2094 1373 2271">
    <p class='ocr_par' dir='ltr' id='par_1_8' title="bbox 78 2094 1373 2271">
     <span class='ocr_line' id='line_1_22' title="bbox 125 2094 1373 2183; baseline 0 -20"><span class='ocrx_word' id='word_1_190' title='bbox 125 2158 129 2163; x_wconf 82' lang='lat'><strong>.</strong></span> <span class='ocrx_word' id='word_1_191' title='bbox 187 2119 277 2175; x_wconf 81' lang='lat' dir='ltr'><strong>rem3</strong></span> <span class='ocrx_word' id='word_1_192' title='bbox 300 2098 436 2179; x_wconf 75' lang='lat' dir='ltr'><strong>superem</strong></span> <span class='ocrx_word' id='word_1_193' title='bbox 459 2098 617 2183; x_wconf 73' lang='lat' dir='ltr'><strong>improbe,</strong></span> <span class='ocrx_word' id='word_1_194' title='bbox 639 2094 784 2167; x_wconf 82' lang='lat' dir='ltr'><strong>etiamsi</strong></span> <span class='ocrx_word' id='word_1_195' title='bbox 807 2097 888 2162; x_wconf 84' lang='lat' dir='ltr'><strong>nlius</strong></span> <span class='ocrx_word' id='word_1_196' title='bbox 910 2097 1014 2183; x_wconf 83' lang='lat' dir='ltr'><strong>legem</strong></span> <span class='ocrx_word' id='word_1_197' title='bbox 1040 2097 1181 2163; x_wconf 84' lang='lat' dir='ltr'><strong>tulisset:</strong></span> <span class='ocrx_word' id='word_1_198' title='bbox 1203 2095 1275 2161; x_wconf 77' lang='lat' dir='ltr'><strong>edm</strong></span> <span class='ocrx_word' id='word_1_199' title='bbox 1291 2097 1373 2163; x_wconf 81' lang='lat' dir='ltr'><strong>verb</strong></span> 
     </span>
     <span class='ocr_line' id='line_1_23' title="bbox 78 2181 1367 2271; baseline 0.004 -25"><span class='ocrx_word' id='word_1_200' title='bbox 78 2210 81 2219; x_wconf 61' lang='grc'>’</span> <span class='ocrx_word' id='word_1_201' title='bbox 187 2182 270 2247; x_wconf 86' lang='lat' dir='ltr'><strong>nihil</strong></span> <span class='ocrx_word' id='word_1_202' title='bbox 281 2185 483 2247; x_wconf 87' lang='lat' dir='ltr'><strong>commissum</strong></span> <span class='ocrx_word' id='word_1_203' title='bbox 496 2196 609 2248; x_wconf 87' lang='lat' dir='ltr'><strong>contra</strong></span> <span class='ocrx_word' id='word_1_204' title='bbox 617 2181 721 2268; x_wconf 78' lang='lat' dir='ltr'><strong>legem</strong></span> <span class='ocrx_word' id='word_1_205' title='bbox 731 2205 799 2247; x_wconf 86' lang='lat' dir='ltr'><strong>esse</strong></span> <span class='ocrx_word' id='word_1_206' title='bbox 806 2181 985 2260; x_wconf 85' lang='lat' dir='ltr'><strong>defendam,</strong></span> <span class='ocrx_word' id='word_1_207' title='bbox 997 2182 1080 2269; x_wconf 86' lang='lat' dir='ltr'><strong>quid</strong></span> <span class='ocrx_word' id='word_1_208' title='bbox 1091 2200 1149 2262; x_wconf 88' lang='lat' dir='ltr'><strong>est,</strong></span> <span class='ocrx_word' id='word_1_209' title='bbox 1160 2181 1250 2271; x_wconf 86' lang='lat' dir='ltr'><strong>qudd</strong></span> <span class='ocrx_word' id='word_1_210' title='bbox 1261 2204 1367 2251; x_wconf 78' lang='lat' dir='ltr'><strong>meam</strong></span> 
     </span>
    </p>
   </div>
   <div class='ocr_carea' id='block_1_7' title="bbox 151 2265 1367 2883">
    <p class='ocr_par' dir='ltr' id='par_1_9' title="bbox 151 2265 1367 2883">
     <span class='ocr_line' id='line_1_24' title="bbox 187 2265 1085 2369; baseline 0.004 -39"><span class='ocrx_word' id='word_1_211' title='bbox 187 2265 403 2332; x_wconf 86' lang='lat' dir='ltr'><strong>defensionem</strong></span> <span class='ocrx_word' id='word_1_212' title='bbox 419 2268 496 2332; x_wconf 83' lang='lat' dir='ltr'><strong>latio</strong></span> <span class='ocrx_word' id='word_1_213' title='bbox 510 2265 588 2369; x_wconf 77' lang='lat' dir='ltr'><strong>legis</strong></span> <span class='ocrx_word' id='word_1_214' title='bbox 602 2266 782 2353; x_wconf 78' lang='lat' dir='ltr'><strong>impediat?</strong></span> <span class='ocrx_word' id='word_1_215' title='bbox 1082 2314 1085 2319; x_wconf 57' lang='lat'>&gt;</span> 
     </span>
     <span class='ocr_line' id='line_1_25' title="bbox 231 2352 1367 2453; baseline 0.004 -37"><span class='ocrx_word' id='word_1_216' title='bbox 231 2352 278 2416; x_wconf 91' lang='lat' dir='ltr'><strong>ll.</strong></span> <span class='ocrx_word' id='word_1_217' title='bbox 303 2352 407 2438; x_wconf 78' lang='lat' dir='ltr'><strong>Neget</strong></span> <span class='ocrx_word' id='word_1_218' title='bbox 430 2375 498 2417; x_wconf 86' lang='lat' dir='ltr'><strong>esse</strong></span> <span class='ocrx_word' id='word_1_219' title='bbox 521 2352 662 2453; x_wconf 61' lang='lat' dir='ltr'><strong>quedem</strong></span> <span class='ocrx_word' id='word_1_220' title='bbox 687 2354 861 2433; x_wconf 67' lang='lat' dir='ltr'><strong>seueritatis</strong></span> <span class='ocrx_word' id='word_1_221' title='bbox 887 2353 979 2433; x_wconf 88' lang='lat' dir='ltr'><strong>Cato,</strong></span> <span class='ocrx_word' id='word_1_222' title='bbox 1013 2353 1199 2433; x_wconf 74' lang='lat' dir='ltr'><strong>Catilinam,</strong></span> <span class='ocrx_word' id='word_1_223' title='bbox 1229 2355 1367 2421; x_wconf 82' lang='lat' dir='ltr'><strong>exitium</strong></span> 
     </span>
     <span class='ocr_line' id='line_1_26' title="bbox 187 2434 1366 2527; baseline 0.004 -25"><span class='ocrx_word' id='word_1_224' title='bbox 187 2434 327 2523; x_wconf 82' lang='lat' dir='ltr'><strong>Reipub.</strong></span> <span class='ocrx_word' id='word_1_225' title='bbox 342 2438 427 2502; x_wconf 84' lang='lat' dir='ltr'><strong>iutra</strong></span> <span class='ocrx_word' id='word_1_226' title='bbox 448 2459 569 2503; x_wconf 82' lang='lat' dir='ltr'><strong>moenra</strong></span> <span class='ocrx_word' id='word_1_227' title='bbox 582 2438 778 2517; x_wconf 86' lang='lat' dir='ltr'><strong>molientem,</strong></span> <span class='ocrx_word' id='word_1_228' title='bbox 800 2439 914 2518; x_wconf 83' lang='lat' dir='ltr'><strong>verbis,</strong></span> <span class='ocrx_word' id='word_1_229' title='bbox 937 2453 970 2504; x_wconf 88' lang='lat' dir='ltr'><strong>et</strong></span> <span class='ocrx_word' id='word_1_230' title='bbox 983 2436 1077 2526; x_wconf 72' lang='lat' dir='ltr'><strong>paene</strong></span> <span class='ocrx_word' id='word_1_231' title='bbox 1093 2440 1237 2527; x_wconf 88' lang='lat' dir='ltr'><strong>imperio,</strong></span> <span class='ocrx_word' id='word_1_232' title='bbox 1272 2441 1366 2507; x_wconf 86' lang='lat' dir='ltr'><strong>Urbe</strong></span> 
     </span>
     <span class='ocr_line' id='line_1_27' title="bbox 184 2520 1367 2613; baseline 0.005 -26"><span class='ocrx_word' id='word_1_233' title='bbox 184 2521 359 2608; x_wconf 86' lang='lat' dir='ltr'><strong>expulisse;</strong></span> <span class='ocrx_word' id='word_1_234' title='bbox 391 2536 424 2599; x_wconf 83' lang='lat' dir='ltr'><strong>et</strong></span> <span class='ocrx_word' id='word_1_235' title='bbox 452 2544 539 2589; x_wconf 90' lang='lat' dir='ltr'><strong>nuno</strong></span> <span class='ocrx_word' id='word_1_236' title='bbox 566 2545 627 2610; x_wconf 89' lang='lat' dir='ltr'><strong>pro</strong></span> <span class='ocrx_word' id='word_1_237' title='bbox 655 2520 696 2590; x_wconf 82' lang='lat' dir='ltr'><strong>L.</strong></span> <span class='ocrx_word' id='word_1_238' title='bbox 728 2523 872 2590; x_wconf 74' lang='lat' dir='ltr'><strong>Murenti</strong></span> <span class='ocrx_word' id='word_1_239' title='bbox 899 2524 1016 2591; x_wconf 89' lang='lat' dir='ltr'><strong>dicere.</strong></span> <span class='ocrx_word' id='word_1_240' title='bbox 1044 2561 1048 2567; x_wconf 95' lang='lat'><em>·</em></span> <span class='ocrx_word' id='word_1_241' title='bbox 1072 2525 1144 2613; x_wconf 81' lang='lat' dir='ltr'><strong>Ego</strong></span> <span class='ocrx_word' id='word_1_242' title='bbox 1170 2540 1277 2592; x_wconf 87' lang='lat' dir='ltr'><strong>eutem</strong></span> <span class='ocrx_word' id='word_1_243' title='bbox 1305 2526 1367 2593; x_wconf 79' lang='lat' dir='ltr'><strong>has</strong></span> 
     </span>
     <span class='ocr_line' id='line_1_28' title="bbox 184 2608 1363 2699; baseline 0.004 -25"><span class='ocrx_word' id='word_1_244' title='bbox 184 2622 291 2694; x_wconf 80' lang='lat' dir='ltr'><strong>partes</strong></span> <span class='ocrx_word' id='word_1_245' title='bbox 320 2608 457 2674; x_wconf 83' lang='lat' dir='ltr'><strong>lenitatis</strong></span> <span class='ocrx_word' id='word_1_246' title='bbox 482 2621 515 2675; x_wconf 84' lang='lat' dir='ltr'><strong>et</strong></span> <span class='ocrx_word' id='word_1_247' title='bbox 542 2609 779 2689; x_wconf 79' lang='lat' dir='ltr'><strong>misericordiae,</strong></span> <span class='ocrx_word' id='word_1_248' title='bbox 815 2633 894 2699; x_wconf 86' lang='lat' dir='ltr'><strong>quas</strong></span> <span class='ocrx_word' id='word_1_249' title='bbox 921 2633 975 2679; x_wconf 85' lang='lat' dir='ltr'><strong>me</strong></span> <span class='ocrx_word' id='word_1_250' title='bbox 1001 2624 1117 2677; x_wconf 81' lang='lat' dir='ltr'><strong>nature</strong></span> <span class='ocrx_word' id='word_1_251' title='bbox 1144 2617 1213 2699; x_wconf 81' lang='lat' dir='ltr'><strong>ipsa</strong></span> <span class='ocrx_word' id='word_1_252' title='bbox 1241 2611 1363 2693; x_wconf 86' lang='lat' dir='ltr'><strong>docuit,</strong></span> 
     </span>
     <span class='ocr_line' id='line_1_29' title="bbox 151 2694 1365 2847; baseline 0.005 -89"><span class='ocrx_word' id='word_1_253' title='bbox 151 2700 312 2782; x_wconf 66' lang='lat' dir='ltr'><strong>5‘semper</strong></span> <span class='ocrx_word' id='word_1_254' title='bbox 339 2696 390 2784; x_wconf 84' lang='lat' dir='ltr'><strong>egi</strong></span> <span class='ocrx_word' id='word_1_255' title='bbox 418 2694 574 2761; x_wconf 88' lang='lat' dir='ltr'><strong>libenter:</strong></span> <span class='ocrx_word' id='word_1_256' title='bbox 610 2695 712 2765; x_wconf 73' lang='lat' dir='ltr'><strong>illam</strong></span> <span class='ocrx_word' id='word_1_257' title='bbox 727 2695 803 2762; x_wconf 79' lang='lat' dir='ltr'><strong>verb</strong></span> <span class='ocrx_word' id='word_1_258' title='bbox 834 2697 1001 2847; x_wconf 41' lang='lat' dir='ltr'><strong>pravitatis</strong></span> <span class='ocrx_word' id='word_1_259' title='bbox 1026 2698 1262 2786; x_wconf 79' lang='lat' dir='ltr'><strong>severitatisque</strong></span> <span class='ocrx_word' id='word_1_260' title='bbox 1290 2721 1365 2785; x_wconf 87' lang='lat' dir='ltr'><strong>per·</strong></span> 
     </span>
     <span class='ocr_line' id='line_1_30' title="bbox 179 2782 1363 2883; baseline 0.003 -37"><span class='ocrx_word' id='word_1_261' title='bbox 179 2796 295 2846; x_wconf 69' lang='lat' dir='ltr'><strong>&#39;sonam</strong></span> <span class='ocrx_word' id='word_1_262' title='bbox 325 2802 391 2845; x_wconf 88' lang='lat' dir='ltr'><strong>non</strong></span> <span class='ocrx_word' id='word_1_263' title='bbox 414 2782 565 2883; x_wconf 71' lang='lat' dir='ltr'><strong>pppetivi,</strong></span> <span class='ocrx_word' id='word_1_264' title='bbox 599 2783 653 2848; x_wconf 90' lang='lat' dir='ltr'><strong>sed</strong></span> <span class='ocrx_word' id='word_1_265' title='bbox 677 2783 719 2848; x_wconf 84' lang='lat' dir='ltr'><strong>ab</strong></span> <span class='ocrx_word' id='word_1_266' title='bbox 744 2782 839 2868; x_wconf 84' lang='lat' dir='ltr'><strong>Repu</strong></span> <span class='ocrx_word' id='word_1_267' title='bbox 864 2829 874 2848; x_wconf 89' lang='lat'><strong>.</strong></span> <span class='ocrx_word' id='word_1_268' title='bbox 901 2783 978 2847; x_wconf 89' lang='lat' dir='ltr'><strong>mihi</strong></span> <span class='ocrx_word' id='word_1_269' title='bbox 1008 2783 1187 2870; x_wconf 75' lang='lat' dir='ltr'><strong>impositam</strong></span> <span class='ocrx_word' id='word_1_270' title='bbox 1215 2784 1363 2865; x_wconf 88' lang='lat' dir='ltr'><strong>sustinui,</strong></span> 
     </span>
    </p>
   </div>
   <div class='ocr_carea' id='block_1_8' title="bbox 127 2866 1364 2959">
    <p class='ocr_par' dir='ltr' id='par_1_10' title="bbox 127 2866 1364 2959">
     <span class='ocr_line' id='line_1_31' title="bbox 127 2866 1364 2959; baseline 0.004 -30"><span class='ocrx_word' id='word_1_271' title='bbox 127 2878 132 2883; x_wconf 83' lang='grc'><em>“</em></span> <span class='ocrx_word' id='word_1_272' title='bbox 184 2867 267 2932; x_wconf 88' lang='lat' dir='ltr'><strong>sicut</strong></span> <span class='ocrx_word' id='word_1_273' title='bbox 294 2866 388 2931; x_wconf 86' lang='lat' dir='ltr'><strong>hu&#39;us</strong></span> <span class='ocrx_word' id='word_1_274' title='bbox 414 2869 539 2954; x_wconf 80' lang='lat' dir='ltr'><strong>imperii</strong></span> <span class='ocrx_word' id='word_1_275' title='bbox 562 2867 700 2956; x_wconf 82' lang='lat' dir='ltr'><strong>dignitus</strong></span> <span class='ocrx_word' id='word_1_276' title='bbox 724 2868 758 2932; x_wconf 83' lang='lat' dir='ltr'><strong>iu</strong></span> <span class='ocrx_word' id='word_1_277' title='bbox 787 2891 912 2933; x_wconf 86' lang='lat' dir='ltr'><strong>summo</strong></span> <span class='ocrx_word' id='word_1_278' title='bbox 937 2869 1080 2955; x_wconf 87' lang='lat' dir='ltr'><strong>periculo</strong></span> <span class='ocrx_word' id='word_1_279' title='bbox 1107 2870 1223 2935; x_wconf 83' lang='lat' dir='ltr'><strong>civium</strong></span> <span class='ocrx_word' id='word_1_280' title='bbox 1252 2884 1364 2959; x_wconf 81' lang='lat' dir='ltr'><strong>postu·</strong></span> 
     </span>
    </p>
   </div>
   <div class='ocr_carea' id='block_1_9' title="bbox 130 2890 1362 3297">
    <p class='ocr_par' dir='ltr' id='par_1_11' title="bbox 130 2890 1362 3297">
     <span class='ocr_line' id='line_1_32' title="bbox 183 2890 1362 3039; baseline 0.007 -24"><span class='ocrx_word' id='word_1_281' title='bbox 183 2950 280 3016; x_wconf 86' lang='lat' dir='ltr'><strong>labat.</strong></span> <span class='ocrx_word' id='word_1_282' title='bbox 326 2890 427 3028; x_wconf 51' lang='lat' dir='ltr'><strong>dlubd</strong></span> <span class='ocrx_word' id='word_1_283' title='bbox 454 2954 482 3016; x_wconf 87' lang='lat' dir='ltr'><strong>si</strong></span> <span class='ocrx_word' id='word_1_284' title='bbox 509 2968 589 3033; x_wconf 82' lang='lat' dir='ltr'><strong>tum,</strong></span> <span class='ocrx_word' id='word_1_285' title='bbox 621 2953 694 3021; x_wconf 84' lang='lat' dir='ltr'><strong>cdm</strong></span> <span class='ocrx_word' id='word_1_286' title='bbox 725 2952 868 3039; x_wconf 88' lang='lat' dir='ltr'><strong>Respub.</strong></span> <span class='ocrx_word' id='word_1_287' title='bbox 898 2955 961 3018; x_wconf 80' lang='lat' dir='ltr'><strong>vim</strong></span> <span class='ocrx_word' id='word_1_288' title='bbox 992 2966 1024 3019; x_wconf 89' lang='lat' dir='ltr'><strong>et</strong></span> <span class='ocrx_word' id='word_1_289' title='bbox 1052 2956 1248 3021; x_wconf 84' lang='lat' dir='ltr'><strong>severitatem</strong></span> <span class='ocrx_word' id='word_1_290' title='bbox 1278 2956 1362 3023; x_wconf 86' lang='lat' dir='ltr'><strong>desi·</strong></span> 
     </span>
     <span class='ocr_line' id='line_1_33' title="bbox 183 3034 1361 3130; baseline 0.008 -30"><span class='ocrx_word' id='word_1_291' title='bbox 183 3034 326 3114; x_wconf 85' lang='lat' dir='ltr'><strong>dernbat,</strong></span> <span class='ocrx_word' id='word_1_292' title='bbox 347 3038 409 3102; x_wconf 76' lang='lat' dir='ltr'><strong>tici</strong></span> <span class='ocrx_word' id='word_1_293' title='bbox 433 3052 592 3117; x_wconf 84' lang='lat' dir='ltr'><strong>naturam,</strong></span> <span class='ocrx_word' id='word_1_294' title='bbox 614 3051 726 3105; x_wconf 86' lang='lat' dir='ltr'><strong>ettam</strong></span> <span class='ocrx_word' id='word_1_295' title='bbox 741 3040 910 3105; x_wconf 84' lang='lat' dir='ltr'><strong>vehemens</strong></span> <span class='ocrx_word' id='word_1_296' title='bbox 932 3039 988 3118; x_wconf 84' lang='lat' dir='ltr'><strong>fui,</strong></span> <span class='ocrx_word' id='word_1_297' title='bbox 1010 3039 1107 3127; x_wconf 75' lang='lat' dir='ltr'><strong>qudm</strong></span> <span class='ocrx_word' id='word_1_298' title='bbox 1123 3041 1272 3130; x_wconf 81' lang='lat' dir='ltr'><strong>cogebar,</strong></span> <span class='ocrx_word' id='word_1_299' title='bbox 1294 3064 1361 3109; x_wconf 88' lang='lat' dir='ltr'><strong>non</strong></span> 
     </span>
     <span class='ocr_line' id='line_1_34' title="bbox 130 3121 1360 3211; baseline 0.007 -24"><span class='ocrx_word' id='word_1_300' title='bbox 130 3146 171 3205; x_wconf 86' lang='lat'><strong>10</strong></span> <span class='ocrx_word' id='word_1_301' title='bbox 183 3121 282 3211; x_wconf 78' lang='lat' dir='ltr'><strong>qudm</strong></span> <span class='ocrx_word' id='word_1_302' title='bbox 304 3123 470 3200; x_wconf 82' lang='lat' dir='ltr'><strong>volebam3</strong></span> <span class='ocrx_word' id='word_1_303' title='bbox 492 3147 589 3202; x_wconf 86' lang='lat' dir='ltr'><strong>nunc,</strong></span> <span class='ocrx_word' id='word_1_304' title='bbox 612 3122 683 3199; x_wconf 83' lang='lat' dir='ltr'><strong>edm</strong></span> <span class='ocrx_word' id='word_1_305' title='bbox 706 3147 818 3190; x_wconf 90' lang='lat' dir='ltr'><strong>omnes</strong></span> <span class='ocrx_word' id='word_1_306' title='bbox 839 3146 893 3190; x_wconf 89' lang='lat' dir='ltr'><strong>me</strong></span> <span class='ocrx_word' id='word_1_307' title='bbox 914 3147 1018 3190; x_wconf 80' lang='lat' dir='ltr'><strong>causas</strong></span> <span class='ocrx_word' id='word_1_308' title='bbox 1042 3125 1084 3190; x_wconf 83' lang='lat' dir='ltr'><strong>ed</strong></span> <span class='ocrx_word' id='word_1_309' title='bbox 1109 3128 1360 3194; x_wconf 79' lang='lat' dir='ltr'><strong>misericordiam</strong></span> 
     </span>
     <span class='ocr_line' id='line_1_35' title="bbox 183 3208 1360 3297; baseline 0.006 -24"><span class='ocrx_word' id='word_1_310' title='bbox 183 3223 279 3296; x_wconf 84' lang='lat' dir='ltr'><strong>atque</strong></span> <span class='ocrx_word' id='word_1_311' title='bbox 300 3209 341 3274; x_wconf 88' lang='lat' dir='ltr'><strong>ad</strong></span> <span class='ocrx_word' id='word_1_312' title='bbox 365 3208 594 3274; x_wconf 78' lang='lat' dir='ltr'><strong>humanitatem</strong></span> <span class='ocrx_word' id='word_1_313' title='bbox 609 3223 732 3288; x_wconf 83' lang='lat' dir='ltr'><strong>vocent,</strong></span> <span class='ocrx_word' id='word_1_314' title='bbox 755 3223 876 3297; x_wconf 86' lang='lat' dir='ltr'><strong>quanto</strong></span> <span class='ocrx_word' id='word_1_315' title='bbox 899 3211 1028 3276; x_wconf 85' lang='lat' dir='ltr'><strong>tandem</strong></span> <span class='ocrx_word' id='word_1_316' title='bbox 1050 3212 1156 3279; x_wconf 88' lang='lat' dir='ltr'><strong>studio</strong></span> <span class='ocrx_word' id='word_1_317' title='bbox 1175 3212 1279 3279; x_wconf 89' lang='lat' dir='ltr'><strong>debeo</strong></span> <span class='ocrx_word' id='word_1_318' title='bbox 1302 3236 1360 3280; x_wconf 85' lang='lat' dir='ltr'><strong>na·</strong></span> 
     </span>
    </p>
   </div>
   <div class='ocr_carea' id='block_1_10' title="bbox 183 3293 1363 3382">
    <p class='ocr_par' dir='ltr' id='par_1_12' title="bbox 183 3293 1363 3382">
     <span class='ocr_line' id='line_1_36' title="bbox 183 3293 1363 3382; baseline 0.008 -23"><span class='ocrx_word' id='word_1_319' title='bbox 183 3306 266 3360; x_wconf 84' lang='lat' dir='ltr'><strong>turae</strong></span> <span class='ocrx_word' id='word_1_320' title='bbox 290 3317 370 3361; x_wconf 77' lang='lat' dir='ltr'><strong>meae</strong></span> <span class='ocrx_word' id='word_1_321' title='bbox 391 3293 676 3382; x_wconf 89' lang='lat' dir='ltr'><strong>consuetudinique</strong></span> <span class='ocrx_word' id='word_1_322' title='bbox 698 3294 854 3362; x_wconf 81' lang='lat' dir='ltr'><strong>&#39;servirel</strong></span> <span class='ocrx_word' id='word_1_323' title='bbox 900 3298 952 3362; x_wconf 80' lang='lat' dir='ltr'><strong>Ac</strong></span> <span class='ocrx_word' id='word_1_324' title='bbox 977 3297 1020 3365; x_wconf 85' lang='lat' dir='ltr'><strong>do</strong></span> <span class='ocrx_word' id='word_1_325' title='bbox 1039 3297 1145 3369; x_wconf 83' lang='lat' dir='ltr'><strong>officio</strong></span> <span class='ocrx_word' id='word_1_326' title='bbox 1166 3297 1363 3368; x_wconf 82' lang='lat' dir='ltr'><strong>defensionis</strong></span> 
     </span>
    </p>
   </div>
   <div class='ocr_carea' id='block_1_11' title="bbox 353 3456 1236 3547">
    <p class='ocr_par' dir='ltr' id='par_1_13' title="bbox 353 3456 1236 3547">
     <span class='ocr_line' id='line_1_37' title="bbox 353 3456 1236 3547; baseline 0.007 -21"><span class='ocrx_word' id='word_1_327' title='bbox 353 3466 484 3547; x_wconf 63' lang='lat' dir='ltr'><strong>egerenti</strong></span> <span class='ocrx_word' id='word_1_328' title='bbox 496 3466 701 3546; x_wconf 72' lang='lat' dir='ltr'><strong>magistratum.</strong></span> <span class='ocrx_word' id='word_1_329' title='bbox 820 3466 928 3526; x_wconf 58' lang='lat' dir='ltr'><strong>&#39;matti</strong></span> <span class='ocrx_word' id='word_1_330' title='bbox 1046 3456 1236 3532; x_wconf 43' lang='lat' dir='ltr'><strong>*obedires</strong></span> 
     </span>
    </p>
   </div>
   <div class='ocr_carea' id='block_1_12' title="bbox 175 3642 1388 4437">
    <p class='ocr_par' dir='ltr' id='par_1_14' title="bbox 178 3642 1388 4179">
     <span class='ocr_line' id='line_1_38' title="bbox 213 3642 1361 3730; baseline 0.008 -35"><span class='ocrx_word' id='word_1_331' title='bbox 213 3645 255 3695; x_wconf 75' lang='lat'><strong>5⁰.</strong></span> <span class='ocrx_word' id='word_1_332' title='bbox 272 3642 614 3710; x_wconf 69' lang='lat' dir='ltr'><strong>Esmgmjsetamnstmm</strong></span> <span class='ocrx_word' id='word_1_333' title='bbox 624 3649 753 3714; x_wconf 64' lang='lat' dir='ltr'><strong>vidum]</strong></span> <span class='ocrx_word' id='word_1_334' title='bbox 785 3650 867 3699; x_wconf 78' lang='lat' dir='ltr'><strong>consul</strong></span> <span class='ocrx_word' id='word_1_335' title='bbox 876 3650 961 3715; x_wconf 78' lang='lat' dir='ltr'><strong>legem,</strong></span> <span class='ocrx_word' id='word_1_336' title='bbox 977 3657 1005 3699; x_wconf 87' lang='lat' dir='ltr'><strong>ut</strong></span> <span class='ocrx_word' id='word_1_337' title='bbox 1014 3653 1160 3730; x_wconf 72' lang='lat' dir='ltr'><strong>sepatoribus</strong></span> <span class='ocrx_word' id='word_1_338' title='bbox 1175 3652 1275 3703; x_wconf 65' lang='lat' dir='ltr'><strong>ambitis</strong></span> <span class='ocrx_word' id='word_1_339' title='bbox 1290 3654 1361 3703; x_wconf 77' lang='lat' dir='ltr'><strong>dem·</strong></span> 
     </span>
     <span class='ocr_line' id='line_1_39' title="bbox 180 3707 1372 3782; baseline 0.01 -23"><span class='ocrx_word' id='word_1_340' title='bbox 180 3707 316 3774; x_wconf 71' lang='lat' dir='ltr'><strong>allegorice</strong></span> <span class='ocrx_word' id='word_1_341' title='bbox 331 3710 434 3776; x_wconf 87' lang='lat' dir='ltr'><strong>loquitur</strong></span> <span class='ocrx_word' id='word_1_342' title='bbox 452 3714 485 3762; x_wconf 88' lang='lat' dir='ltr'><strong>de</strong></span> <span class='ocrx_word' id='word_1_343' title='bbox 502 3715 625 3763; x_wconf 76' lang='lat' dir='ltr'><strong>consulatu</strong></span> <span class='ocrx_word' id='word_1_344' title='bbox 642 3730 694 3772; x_wconf 75' lang='lat' dir='ltr'><strong>suo,</strong></span> <span class='ocrx_word' id='word_1_345' title='bbox 713 3716 756 3781; x_wconf 83' lang='lat' dir='ltr'><strong>qui</strong></span> <span class='ocrx_word' id='word_1_346' title='bbox 785 3716 847 3765; x_wconf 80' lang='lat' dir='ltr'><strong>natis</strong></span> <span class='ocrx_word' id='word_1_347' title='bbox 862 3716 960 3782; x_wconf 74' lang='lat' dir='ltr'><strong>squlct</strong></span> <span class='ocrx_word' id='word_1_348' title='bbox 975 3716 1025 3781; x_wconf 72' lang='lat' dir='ltr'><strong>igni</strong></span> <span class='ocrx_word' id='word_1_349' title='bbox 1040 3719 1217 3768; x_wconf 80' lang='lat' dir='ltr'><strong>mterdioeretur</strong></span> <span class='ocrx_word' id='word_1_350' title='bbox 1232 3720 1264 3770; x_wconf 74' lang='lat' dir='ltr'><strong>sd</strong></span> <span class='ocrx_word' id='word_1_351' title='bbox 1281 3734 1372 3770; x_wconf 79' lang='lat' dir='ltr'><strong>mos·</strong></span> 
     </span>
     <span class='ocr_line' id='line_1_40' title="bbox 181 3772 1360 3848; baseline 0.006 -22"><span class='ocrx_word' id='word_1_352' title='bbox 181 3774 294 3826; x_wconf 68' lang='lat' dir='ltr'><strong>cetmdu</strong></span> <span class='ocrx_word' id='word_1_353' title='bbox 310 3776 427 3827; x_wconf 72' lang='lat' dir='ltr'><strong>,imaum</strong></span> <span class='ocrx_word' id='word_1_354' title='bbox 442 3779 553 3843; x_wconf 80' lang='lat' dir='ltr'><strong>proximis</strong></span> <span class='ocrx_word' id='word_1_355' title='bbox 567 3772 629 3828; x_wconf 81' lang='lat' dir='ltr'><strong>finiri</strong></span> <span class='ocrx_word' id='word_1_356' title='bbox 642 3780 754 3836; x_wconf 73' lang='lat' dir='ltr'><strong>debebat,</strong></span> <span class='ocrx_word' id='word_1_357' title='bbox 784 3782 878 3839; x_wconf 67' lang='lat' dir='ltr'><strong>dmm,</strong></span> <span class='ocrx_word' id='word_1_358' title='bbox 891 3790 917 3830; x_wconf 85' lang='lat' dir='ltr'><strong>et</strong></span> <span class='ocrx_word' id='word_1_359' title='bbox 932 3789 960 3830; x_wconf 90' lang='lat' dir='ltr'><strong>nt</strong></span> <span class='ocrx_word' id='word_1_360' title='bbox 977 3782 1002 3829; x_wconf 89' lang='lat' dir='ltr'><strong>in</strong></span> <span class='ocrx_word' id='word_1_361' title='bbox 1038 3781 1115 3831; x_wconf 81' lang='lat' dir='ltr'><strong>lehem</strong></span> <span class='ocrx_word' id='word_1_362' title='bbox 1130 3800 1201 3848; x_wconf 70' lang='lat' dir='ltr'><strong>prens</strong></span> <span class='ocrx_word' id='word_1_363' title='bbox 1215 3784 1309 3848; x_wconf 76' lang='lat' dir='ltr'><strong>gratim</strong></span> <span class='ocrx_word' id='word_1_364' title='bbox 1321 3801 1360 3835; x_wconf 81' lang='lat' dir='ltr'><strong>es·</strong></span> 
     </span>
     <span class='ocr_line' id='line_1_41' title="bbox 179 3796 1358 3915; baseline 0.007 -25"><span class='ocrx_word' id='word_1_365' title='bbox 179 3855 252 3905; x_wconf 81' lang='lat' dir='ltr'><strong>quem</strong></span> <span class='ocrx_word' id='word_1_366' title='bbox 260 3840 352 3891; x_wconf 77' lang='lat' dir='ltr'><strong>variist</strong></span> <span class='ocrx_word' id='word_1_367' title='bbox 368 3842 757 3910; x_wconf 69' lang='lat' dir='ltr'><strong>&#39;tutaminissetempestatibussit</strong></span> <span class='ocrx_word' id='word_1_368' title='bbox 786 3855 833 3903; x_wconf 84' lang='lat' dir='ltr'><strong>set,</strong></span> <span class='ocrx_word' id='word_1_369' title='bbox 849 3846 919 3912; x_wconf 74' lang='lat' dir='ltr'><strong>quim</strong></span> <span class='ocrx_word' id='word_1_370' title='bbox 935 3847 987 3909; x_wconf 68' lang='lat' dir='ltr'><strong>lege</strong></span> <span class='ocrx_word' id='word_1_371' title='bbox 1004 3796 1135 3912; x_wconf 49' lang='lat' dir='ltr'><strong>&amp;potnit</strong></span> <span class='ocrx_word' id='word_1_372' title='bbox 1147 3850 1237 3898; x_wconf 79' lang='lat' dir='ltr'><strong>luisset.</strong></span> <span class='ocrx_word' id='word_1_373' title='bbox 1270 3848 1358 3915; x_wconf 64' lang='lat' dir='ltr'><strong>Inque</strong></span> 
     </span>
     <span class='ocr_line' id='line_1_42' title="bbox 179 3858 1388 4037; baseline 0.01 -83"><span class='ocrx_word' id='word_1_374' title='bbox 179 3858 602 4037; x_wconf 47' lang='lat' dir='ltr'><strong>pmsldoelicudlffiulsosnlmfimm</strong></span> <span class='ocrx_word' id='word_1_375' title='bbox 785 3914 913 3975; x_wconf 74' lang='lat' dir='ltr'><strong>respondet</strong></span> <span class='ocrx_word' id='word_1_376' title='bbox 923 3911 1359 3989; x_wconf 52' lang='lat' dir='ltr'><strong>Cotoniquddpriorembiosntbitt&#39;rs</strong></span> <span class='ocrx_word' id='word_1_377' title='bbox 1386 3926 1388 3929; x_wconf 79' lang='grc'><strong>“</strong></span> 
     </span>
     <span class='ocr_line' id='line_1_43' title="bbox 180 4032 1360 4109; baseline 0.01 -26"><span class='ocrx_word' id='word_1_378' title='bbox 180 4050 239 4086; x_wconf 79' lang='lat' dir='ltr'><strong>rens</strong></span> <span class='ocrx_word' id='word_1_379' title='bbox 258 4036 368 4089; x_wconf 79' lang='lat' dir='ltr'><strong>Ciceroni</strong></span> <span class='ocrx_word' id='word_1_380' title='bbox 387 4046 414 4087; x_wconf 83' lang='lat' dir='ltr'><strong>et</strong></span> <span class='ocrx_word' id='word_1_381' title='bbox 433 4032 539 4087; x_wconf 72' lang='lat' dir='ltr'><strong>Antonii</strong></span> <span class='ocrx_word' id='word_1_382' title='bbox 558 4038 584 4087; x_wconf 86' lang='lat' dir='ltr'><strong>iu</strong></span> <span class='ocrx_word' id='word_1_383' title='bbox 603 4041 752 4090; x_wconf 77' lang='lat' dir='ltr'><strong>consulemus</strong></span> <span class='ocrx_word' id='word_1_384' title='bbox 784 4042 891 4099; x_wconf 59' lang='lat' dir='ltr'><strong>desen.</strong></span> <span class='ocrx_word' id='word_1_385' title='bbox 900 4043 957 4092; x_wconf 83' lang='lat' dir='ltr'><strong>huic</strong></span> <span class='ocrx_word' id='word_1_386' title='bbox 967 4043 1089 4107; x_wconf 80' lang='lat' dir='ltr'><strong>posteriori</strong></span> <span class='ocrx_word' id='word_1_387' title='bbox 1099 4045 1200 4109; x_wconf 80' lang='lat' dir='ltr'><strong>priorem</strong></span> <span class='ocrx_word' id='word_1_388' title='bbox 1207 4046 1360 4095; x_wconf 59' lang='lat' dir='ltr'><strong>nouom</strong></span> 
     </span>
     <span class='ocr_line' id='line_1_44' title="bbox 178 4107 1356 4179; baseline 0.009 -29"><span class='ocrx_word' id='word_1_389' title='bbox 178 4110 349 4159; x_wconf 70' lang='lat' dir='ltr'><strong>suecesseeuut.</strong></span> <span class='ocrx_word' id='word_1_390' title='bbox 452 4150 463 4179; x_wconf 78' lang='lat' dir='ltr'><em>s</em></span> <span class='ocrx_word' id='word_1_391' title='bbox 615 4142 620 4151; x_wconf 77' lang='grc'><em>,</em></span> <span class='ocrx_word' id='word_1_392' title='bbox 783 4107 1356 4175; x_wconf 73' lang='lat' dir='ltr'><strong>tntnccsmt,qnisuu1utsrgitistt1usst</strong></span> 
     </span>
    </p>

    <p class='ocr_par' dir='ltr' id='par_1_15' title="bbox 175 4165 1371 4370">
     <span class='ocr_line' id='line_1_45' title="bbox 211 4165 905 4246; baseline 0.009 -31"><span class='ocrx_word' id='word_1_393' title='bbox 211 4165 370 4220; x_wconf 68' lang='lat' dir='ltr'><strong>luculentis</strong></span> <span class='ocrx_word' id='word_1_394' title='bbox 392 4167 512 4217; x_wconf 59' lang='lat' dir='ltr'><strong>Ianusue</strong></span> <span class='ocrx_word' id='word_1_395' title='bbox 533 4169 606 4246; x_wconf 71' lang='lat' dir='ltr'><strong>use]</strong></span> <span class='ocrx_word' id='word_1_396' title='bbox 638 4166 752 4219; x_wconf 69' lang='lat' dir='ltr'><strong>Calendis</strong></span> <span class='ocrx_word' id='word_1_397' title='bbox 783 4172 847 4221; x_wconf 72' lang='lat' dir='ltr'><strong>teau</strong></span> <span class='ocrx_word' id='word_1_398' title='bbox 860 4181 905 4222; x_wconf 70' lang='lat' dir='ltr'><strong>est.</strong></span> 
     </span>
     <span class='ocr_line' id='line_1_46' title="bbox 178 4227 1358 4318; baseline 0.012 -41"><span class='ocrx_word' id='word_1_399' title='bbox 178 4227 306 4294; x_wconf 69' lang='lat' dir='ltr'><strong>suaeuis,</strong></span> <span class='ocrx_word' id='word_1_400' title='bbox 322 4234 374 4301; x_wconf 79' lang='lat' dir='ltr'><strong>jam</strong></span> <span class='ocrx_word' id='word_1_401' title='bbox 391 4234 518 4300; x_wconf 59' lang='lat' dir='ltr'><strong>desim,</strong></span> <span class='ocrx_word' id='word_1_402' title='bbox 536 4240 697 4300; x_wconf 67' lang='grc' dir='ltr'>ιιιιςιιιιιιιιιιι</span> <span class='ocrx_word' id='word_1_403' title='bbox 713 4234 752 4283; x_wconf 88' lang='lat' dir='ltr'><strong>in·</strong></span> <span class='ocrx_word' id='word_1_404' title='bbox 816 4242 840 4286; x_wconf 84' lang='grc' dir='ltr'>ι.</span> <span class='ocrx_word' id='word_1_405' title='bbox 858 4236 932 4303; x_wconf 73' lang='lat' dir='ltr'><strong>Neget</strong></span> <span class='ocrx_word' id='word_1_406' title='bbox 949 4251 994 4288; x_wconf 70' lang='lat' dir='ltr'><strong>ess</strong></span> <span class='ocrx_word' id='word_1_407' title='bbox 1008 4239 1103 4318; x_wconf 60' lang='lat' dir='ltr'><strong>pudor</strong></span> <span class='ocrx_word' id='word_1_408' title='bbox 1124 4241 1266 4306; x_wconf 57' lang='lat' dir='ltr'><strong>eodm]</strong></span> <span class='ocrx_word' id='word_1_409' title='bbox 1298 4241 1358 4291; x_wconf 77' lang='lat' dir='ltr'><strong>Ter·</strong></span> 
     </span>
     <span class='ocr_line' id='line_1_47' title="bbox 175 4293 1371 4370; baseline 0.012 -27"><span class='ocrx_word' id='word_1_410' title='bbox 175 4293 252 4344; x_wconf 74' lang='lat' dir='ltr'><strong>ibent.</strong></span> <span class='ocrx_word' id='word_1_411' title='bbox 359 4341 365 4355; x_wconf 85' lang='grc'><em>,</em></span> <span class='ocrx_word' id='word_1_412' title='bbox 534 4346 538 4351; x_wconf 92' lang='grc'><strong>,</strong></span> <span class='ocrx_word' id='word_1_413' title='bbox 762 4302 818 4353; x_wconf 76' lang='lat' dir='ltr'><strong>,tis</strong></span> <span class='ocrx_word' id='word_1_414' title='bbox 827 4301 926 4355; x_wconf 65' lang='lat' dir='ltr'><strong>causis</strong></span> <span class='ocrx_word' id='word_1_415' title='bbox 934 4302 1049 4367; x_wconf 69' lang='lat' dir='ltr'><strong>objectio,</strong></span> <span class='ocrx_word' id='word_1_416' title='bbox 1063 4305 1371 4370; x_wconf 62' lang='lat' dir='ltr'><strong>quiCiceroeeminm¹</strong></span> 
     </span>
    </p>

    <p class='ocr_par' dir='ltr' id='par_1_16' title="bbox 207 4357 1358 4437">
     <span class='ocr_line' id='line_1_48' title="bbox 207 4357 1358 4437; baseline 0.008 -24"><span class='ocrx_word' id='word_1_417' title='bbox 207 4360 251 4413; x_wconf 72' lang='lat' dir='ltr'><strong>st.</strong></span> <span class='ocrx_word' id='word_1_418' title='bbox 265 4357 347 4437; x_wconf 57' lang='lat' dir='ltr'><strong>lagu</strong></span> <span class='ocrx_word' id='word_1_419' title='bbox 372 4364 400 4416; x_wconf 72' lang='lat' dir='ltr'><strong>ds</strong></span> <span class='ocrx_word' id='word_1_420' title='bbox 425 4364 532 4433; x_wconf 64' lang='lat' dir='ltr'><strong>subito]</strong></span> <span class='ocrx_word' id='word_1_421' title='bbox 574 4362 641 4416; x_wconf 77' lang='lat' dir='ltr'><strong>Tulit</strong></span> <span class='ocrx_word' id='word_1_422' title='bbox 665 4363 751 4418; x_wconf 76' lang='lat' dir='ltr'><strong>cicero</strong></span> <span class='ocrx_word' id='word_1_423' title='bbox 780 4368 1358 4437; x_wconf 59' lang='lat' dir='ltr'><strong>munumerevtdsbsurpetdmnus</strong></span> 
     </span>
    </p>
   </div>
   <div class='ocr_carea' id='block_1_13' title="bbox 491 3972 1359 4042">
    <p class='ocr_par' dir='ltr' id='par_1_17' title="bbox 491 3972 1359 4042">
     <span class='ocr_line' id='line_1_49' title="bbox 491 3972 1359 4042; baseline 0.009 -20"><span class='ocrx_word' id='word_1_424' title='bbox 491 3972 524 4022; x_wconf 90' lang='lat' dir='ltr'><strong>D.</strong></span> <span class='ocrx_word' id='word_1_425' title='bbox 544 3973 636 4024; x_wconf 75' lang='lat' dir='ltr'><strong>Silenus</strong></span> <span class='ocrx_word' id='word_1_426' title='bbox 652 3982 677 4025; x_wconf 89' lang='lat' dir='ltr'><strong>et</strong></span> <span class='ocrx_word' id='word_1_427' title='bbox 695 3974 754 4024; x_wconf 83' lang='lat' dir='ltr'><strong>Mu·</strong></span> <span class='ocrx_word' id='word_1_428' title='bbox 785 3975 839 4040; x_wconf 79' lang='lat' dir='ltr'><strong>lege</strong></span> <span class='ocrx_word' id='word_1_429' title='bbox 849 3978 894 4026; x_wconf 78' lang='lat' dir='ltr'><strong>sibi</strong></span> <span class='ocrx_word' id='word_1_430' title='bbox 909 3978 1055 4042; x_wconf 80' lang='lat' dir='ltr'><strong>imposuerit,</strong></span> <span class='ocrx_word' id='word_1_431' title='bbox 1071 3994 1138 4028; x_wconf 74' lang='lat' dir='ltr'><strong>uses</strong></span> <span class='ocrx_word' id='word_1_432' title='bbox 1147 3980 1261 4030; x_wconf 80' lang='lat' dir='ltr'><strong>videlieet</strong></span> <span class='ocrx_word' id='word_1_433' title='bbox 1273 3981 1359 4030; x_wconf 76' lang='lat' dir='ltr'><strong>detes·</strong></span> 
     </span>
    </p>
   </div>
   <div class='ocr_carea' id='block_1_14' title="bbox 0 0 1484 4959">
    <p class='ocr_par' dir='ltr' id='par_1_18' title="bbox 0 0 1484 4959">
     <span class='ocr_line' id='line_1_50' title="bbox 0 0 1484 4959; baseline 0 3"><span class='ocrx_word' id='word_1_434' title='bbox 0 0 1484 4959; x_wconf 95' lang='lat' dir='ltr'><strong> </strong></span> 
     </span>
    </p>
   </div>
  </div>
 </body>
</html>
