2959 4959
631 1031 888 1113 ORATIO

300 1271 304 1280 ’
402 1267 538 1363 PRO
579 1267 757 1360 LEGE
799 1264 1135 1362 olemus·

762 1556 1129 1566 ———--—-—·-

597 1693 921 1755 ARGUMENTUM.

215 1838 272 1899 Dl
277 1836 335 1900 UT
341 1837 434 1900 URN
439 1837 507 1900 ΠΜ
518 1837 545 1896 et
551 1858 642 1929 graue
655 1837 756 1898 bellurn
769 1859 829 1898 cum
839 1836 1023 1908 Mithridate,
1035 1858 1066 1897 re
1084 1858 1100 1895 e
1109 1837 1208 1909 Ponti,
1222 1833 1348 1895 Romani

197 1918 294 1980 essire.
319 1918 425 1977 Contra
434 1916 632 1997 buncprrmum
641 1918 789 1976 missisunt
799 1938 859 1977 cum
868 1917 990 1995 'irnperio
1004 1915 1056 1995 Syl
1087 1959 1094 1984 ‚
1108 1926 1208 1996 etpost
1221 1914 1294 1973 bunc
1308 1915 1347 1973 L.

208 1995 323 2058 utullus.
365 1997 411 2055 Hi
422 1997 488 2067 duo,
509 2017 675 2076 quamquam
689 1998 799 2075 magnis
811 1995 936 2054 cladibus
950 2016 981 2053 re
998 2017 1040 2053 em
1053 1995 1206 2083 officerent,
1228 2002 1349 2052 stantem

178 2086 280 2148 tomen,
300 2097 388 2154 neque
400 2075 512 2144 victum,
531 2073 689 2152 relinquere
701 2074 880 2152 cogebantur.
922 2075 963 2150 Sy
983 2094 1000 2129 a
1025 2092 1107 2141 enum,
1129 2073 1269 2130 otlariond
1276 2075 1312 2149 s
1336 2104 1351 2119 ·

179 2158 255 2215 tione
269 2156 369 2213 Roma
379 2152 520 2222 saviente,
536 2161 645 2208 caoctus
658 2161 697 2208 est
702 2171 800 2231 pacem
826 2170 906 2222 acere
918 2170 980 2208 cunr
995 2149 1176 2217 Mithridate,
1196 2163 1221 2208 et
1237 2150 1349 2207 donruns

125 2249 129 2268 ¹
178 2232 291 2302 reverti,
306 2239 337 2288 ut
350 2230 616 2306 banccompesceret.
656 2230 694 2287 L.
708 2230 734 2286 L
812 2250 853 2299 us,
873 2227 934 2286 asim
947 2226 1016 2287 bello
1029 2228 1069 2285 ita
1082 2250 1172 2306 regem
1179 2227 1349 2318 fetigisset,

179 2319 210 2369 ut
230 2314 280 2368 'om
288 2308 379 2389 prope
388 2307 427 2365 ad
435 2306 580 2386 angustias
593 2307 719 2365 redactus
734 2308 884 2377 uideretur,
905 2307 1001 2365 exorti
1013 2306 1086 2365 inter
1095 2306 1194 2366 milites
1203 2306 1350 2379 seditione,

179 2332 271 2447 delire
283 2408 344 2446 eum
352 2384 510 2467 prohibitus
524 2395 572 2445 est.
593 2385 674 2444 Adde
686 2385 763 2465 qubd
775 2387 874 2445 Romae
884 2383 1021 2456 nonnulli,
1032 2384 1153 2445 Lucrdlo
1164 2385 1277 2465 infensi,
1291 2386 1350 2464 effi·

179 2465 298 2538 ciebant,
319 2474 351 2524 ut
363 2462 499 2524 Lucullus
511 2463 789 2524 senatus-consultob
807 2463 876 2523 bello
897 2474 1088 2534 revocaretur,·
1111 2473 1192 2537 at,eo
1211 2474 1350 2536 revocato,

180 2550 241 2626 ejus
306 2545 426 2604 exercitu
439 2543 582 2623 dissipato,
607 2543 789 2602 Mithridates
801 2543 887 2603 bostis
903 2543 1016 2622 impune
1033 2543 1239 2623 grassabatur:
1262 2544 1351 2622 quare

184 2625 219 2684 C.
272 2622 386 2692 anilius,
400 2621 635 2703 tribunusplebis,
649 2620 734 2702 legem
749 2622 824 2691 tulit,
838 2633 869 2682 ut
883 2624 1034 2702 Pompeius
1048 2623 1077 2681 in
1086 2622 1258 2703 provincias,
1271 2631 1351 2702 quot·

201 2712 248 2763 uot
260 2701 396 2762 Luoudlus
408 2701 527 2772 tenebat,
540 2701 702 2773 succederet,
723 2711 749 2761 et
763 2700 827 2768 belli
836 2702 955 2781 gerendi
966 2700 1098 2761 adonsbs
1113 2702 1312 2761 Mithridatem
1324 2710 1353 2760 et

181 2724 595 2861 b'igronemimperotoreatro
608 2780 731 2840 ordinem
749 2783 912 2840 mitteretur.
960 2782 996 2841 Ut
1010 2780 1062 2838 bdc
1075 2784 1134 2858 tege
1153 2780 1280 2840 Monilid
1300 2801 1353 2859 po·

182 2862 270 2918 tentio
284 2861 415 2940 Pompeii
426 2878 556 2931 arescere,
576 2869 603 2918 et
616 2859 752 2919 Lucullus
766 2881 858 2918 rerum
869 2871 1011 2939 gesturum
1030 2859 1125 2938 glorici
1140 2860 1256 2940 privari
1274 2858 1352 2918 vide·

183 2937 276 3009 batur,
296 2939 336 2996 ito
351 2938 447 3018 optimi
459 2939 561 3018 quique
570 2939 711 3017 rogationi
722 2937 787 2997 buia
805 2937 935 2997 obsistere
954 2938 1120 3008 statuebant,
1141 2961 1175 2998 ne
1196 2939 1289 2998 omrtia
1311 2939 1355 2996 ad

184 3036 268 3075 unum
280 3017 443 3097 Pompeium
457 3018 640 3097 deferrentur.
688 3017 787 3075 Verum
801 3038 878 3076 nemo
892 3017 1053 3086 intercessit,
1075 3027 1148 3075 metu
1198 3019 1265 3088 obis,
1288 3037 1354 3099 quse

183 3095 257 3156 Pom
298 3096 453 3173 'astruebat
497 3096 579 3156 Solus
596 3092 713 3154 Catulus
726 3105 752 3154 et
768 3094 938 3154 Hortensius
955 3094 981 3152 le
1000 3117 1042 3154 eru
1063 3096 1157 3155 dissuo
1179 3097 1270 3167 ebant,
1290 3096 1355 3176 qui&

185 3174 235 3233 bus
313 3175 439 3234 oratioue
456 3174 553 3234 Cicero
574 3175 727 3254 respondet,
739 3225 741 3232 ,
751 3174 921 3253 ostenditque
934 3118 1034 3233 bellicos
1046 3195 1103 3234 esse
1117 3177 1301 3235 necessarium
1318 3195 1353 3233 ac

184 3253 305 3332 dffcile,
325 3275 374 3328 nec
386 3251 471 3311 olium
485 3254 676 3334 iuuruatorern
685 3262 795 3332 praeter
808 3253 972 3334 Pompeium
980 3251 1115 3326 inueniri,
1137 3255 1186 3334 qui
1197 3254 1262 3315 buic
1282 3253 1353 3315 bello

178 3333 303 3412 gerendo
316 3334 352 3391 sit
366 3331 488 3391 idoneus.

572 3508 744 3569 TEMPUS
765 3508 820 3567 ET
840 3509 987 3570 LOCUS.

225 3652 336 3712 Habita
350 3663 390 3712 est
402 3653 462 3714 bac
475 3653 565 3713 oratio
579 3655 609 3713 in
623 3653 736 3713 Rostris
749 3673 823 3712 anno
841 3653 925 3730 Urbis
936 3655 1055 3713 conditer
1064 3657 1133 3718 687.
1155 3653 1357 3716 Ciceronis4l.

179 3750 245 3792 oum
253 3741 364 3811 pretor
372 3742 452 3805 esset,
475 3732 552 3794 Coss.
566 3735 614 3794 M.
627 3730 747 3793 AEmilio
757 3732 878 3812 Lepido,
898 3743 925 3791 et
945 3733 1071 3793 Uolcatio
1089 3731 1182 3792 Tullo.

604 3934 748 3996 GENUS
769 3935 931 3996 CAUSAE.

223 4077 342 4138 Duobus
351 4077 498 4158 generibus
509 4087 625 4148 constet,
640 4076 820 4138 deliberativo
832 4077 946 4149 scilicet,
960 4087 985 4136 et
996 4076 1231 4136 deruonstrotiuo:
1254 4074 1357 4134 delibe-

184 4157 305 4216 ratiuum
315 4166 364 4226 est,
378 4157 443 4238 quio
455 4155 625 4215 deliberatur
635 4177 673 4214 an
683 4157 834 4215 mittendus
842 4157 879 4215 sit
889 4159 961 4216 Pom
981 4156 1040 4214 eius
1050 4156 1222 4230 imperator:
1244 4154 1358 4212 demon-

183 4236 329 4395 mm
342 4246 392 4308 est,
414 4235 479 4318 quia
497 4237 549 4294 Cn.
565 4235 729 4316 Pompeium
747 4235 860 4295 summis
869 4177 1006 4298 ‚laudibili
1029 4233 1145 4305 extollit,
1168 4243 1198 4292 ut
1224 4231 1267 4292 illi
1287 4229 1359 4292 bello

179 4333 219 4395 pr
321 4336 366 4374 ur.
