<?xml version="1.0" encoding="UTF-8"?>
<!DOCTYPE html PUBLIC "-//W3C//DTD XHTML 1.0 Transitional//EN"
    "http://www.w3.org/TR/xhtml1/DTD/xhtml1-transitional.dtd">
<html xmlns="http://www.w3.org/1999/xhtml" xml:lang="en" lang="en">
 <head>
  <title>
</title>
<meta http-equiv="Content-Type" content="text/html;charset=utf-8" />
  <meta name='ocr-system' content='tesseract 3.04.00' />
  <meta name='ocr-capabilities' content='ocr_page ocr_carea ocr_par ocr_line ocrx_word'/>
</head>
<body>
  <div class='ocr_page' id='page_1' title='image "./selectaemtcicer00caregoog_0067.png"; bbox 0 0 2959 4959; ppageno 0'>
   <div class='ocr_carea' id='block_1_1' title="bbox 162 351 1356 636">
    <p class='ocr_par' dir='ltr' id='par_1_1' title="bbox 162 351 1356 636">
     <span class='ocr_line' id='line_1_1' title="bbox 402 351 1356 448; baseline 0.021 -29"><span class='ocrx_word' id='word_1_1' title='bbox 402 351 1039 437; x_wconf 76' lang='lat' dir='ltr'><strong>lNCAEClLIUM,DlVlNAT10.</strong></span> <span class='ocrx_word' id='word_1_2' title='bbox 1111 439 1114 448; x_wconf 90' lang='lat'><em>.</em></span> <span class='ocrx_word' id='word_1_3' title='bbox 1310 376 1356 439; x_wconf 74' lang='lat'><strong>28</strong></span> 
     </span>
     <span class='ocr_line' id='line_1_2' title="bbox 162 482 1298 636; baseline 0.006 -87"><span class='ocrx_word' id='word_1_4' title='bbox 162 484 284 551; x_wconf 87' lang='lat' dir='ltr'>XVII.</span> <span class='ocrx_word' id='word_1_5' title='bbox 310 482 452 562; x_wconf 85' lang='lat' dir='ltr'><strong>Etenim,</strong></span> <span class='ocrx_word' id='word_1_6' title='bbox 487 485 558 550; x_wconf 77' lang='lat' dir='ltr'><strong>crim</strong></span> <span class='ocrx_word' id='word_1_7' title='bbox 581 486 634 551; x_wconf 87' lang='lat' dir='ltr'><strong>lex</strong></span> <span class='ocrx_word' id='word_1_8' title='bbox 655 488 724 636; x_wconf 56' lang='lat' dir='ltr'><strong>ipsa</strong></span> <span class='ocrx_word' id='word_1_9' title='bbox 745 486 786 550; x_wconf 90' lang='lat' dir='ltr'><strong>de</strong></span> <span class='ocrx_word' id='word_1_10' title='bbox 805 489 949 573; x_wconf 90' lang='lat' dir='ltr'><strong>pecuniis</strong></span> <span class='ocrx_word' id='word_1_11' title='bbox 969 488 1162 574; x_wconf 78' lang='lat' dir='ltr'><strong>repetundis,</strong></span> <span class='ocrx_word' id='word_1_12' title='bbox 1194 492 1298 556; x_wconf 86' lang='lat' dir='ltr'><strong>socio·</strong></span> 
     </span>
    </p>
   </div>
   <div class='ocr_carea' id='block_1_2' title="bbox 117 570 1370 3312">
    <p class='ocr_par' dir='ltr' id='par_1_2' title="bbox 117 570 1370 3312">
     <span class='ocr_line' id='line_1_3' title="bbox 121 570 1300 672; baseline 0.003 -36"><span class='ocrx_word' id='word_1_13' title='bbox 121 593 190 636; x_wconf 90' lang='lat' dir='ltr'><strong>rum</strong></span> <span class='ocrx_word' id='word_1_14' title='bbox 206 583 307 657; x_wconf 87' lang='lat' dir='ltr'><strong>atque</strong></span> <span class='ocrx_word' id='word_1_15' title='bbox 329 570 505 635; x_wconf 85' lang='lat' dir='ltr'><strong>amicorum</strong></span> <span class='ocrx_word' id='word_1_16' title='bbox 530 572 644 672; x_wconf 92' lang='lat' dir='ltr'><strong>populi</strong></span> <span class='ocrx_word' id='word_1_17' title='bbox 700 573 807 636; x_wconf 88' lang='lat' dir='ltr'><strong>omani</strong></span> <span class='ocrx_word' id='word_1_18' title='bbox 830 573 932 651; x_wconf 70' lang='lat' dir='ltr'><strong>cousi,</strong></span> <span class='ocrx_word' id='word_1_19' title='bbox 956 586 1139 660; x_wconf 86' lang='lat' dir='ltr'><strong>comparata</strong></span> <span class='ocrx_word' id='word_1_20' title='bbox 1153 576 1213 650; x_wconf 88' lang='lat' dir='ltr'><strong>sit;</strong></span> <span class='ocrx_word' id='word_1_21' title='bbox 1234 577 1300 640; x_wconf 91' lang='lat' dir='ltr'><strong>ini·</strong></span> 
     </span>
     <span class='ocr_line' id='line_1_4' title="bbox 117 656 1297 745; baseline 0.003 -24"><span class='ocrx_word' id='word_1_22' title='bbox 117 680 221 744; x_wconf 87' lang='lat' dir='ltr'><strong>quum</strong></span> <span class='ocrx_word' id='word_1_23' title='bbox 246 669 305 733; x_wconf 82' lang='lat' dir='ltr'><strong>est,</strong></span> <span class='ocrx_word' id='word_1_24' title='bbox 329 678 396 720; x_wconf 91' lang='lat' dir='ltr'><strong>non</strong></span> <span class='ocrx_word' id='word_1_25' title='bbox 424 679 498 721; x_wconf 89' lang='lat' dir='ltr'><strong>eum</strong></span> <span class='ocrx_word' id='word_1_26' title='bbox 522 656 600 743; x_wconf 74' lang='lat' dir='ltr'><strong>legis</strong></span> <span class='ocrx_word' id='word_1_27' title='bbox 616 658 793 745; x_wconf 88' lang='lat' dir='ltr'><strong>judiciique</strong></span> <span class='ocrx_word' id='word_1_28' title='bbox 818 673 955 724; x_wconf 88' lang='lat' dir='ltr'><strong>actorem</strong></span> <span class='ocrx_word' id='word_1_29' title='bbox 982 661 1132 724; x_wconf 87' lang='lat' dir='ltr'><strong>idoneum</strong></span> <span class='ocrx_word' id='word_1_30' title='bbox 1156 659 1297 725; x_wconf 71' lang='lat' dir='ltr'><strong>maxime</strong></span> 
     </span>
     <span class='ocr_line' id='line_1_5' title="bbox 120 744 1296 833; baseline 0.004 -26"><span class='ocrx_word' id='word_1_31' title='bbox 120 744 245 829; x_wconf 85' lang='lat' dir='ltr'><strong>putari,</strong></span> <span class='ocrx_word' id='word_1_32' title='bbox 261 764 353 829; x_wconf 89' lang='lat' dir='ltr'><strong>quem</strong></span> <span class='ocrx_word' id='word_1_33' title='bbox 367 753 512 806; x_wconf 88' lang='lat' dir='ltr'><strong>actorem</strong></span> <span class='ocrx_word' id='word_1_34' title='bbox 527 765 629 808; x_wconf 84' lang='lat' dir='ltr'><strong>causae</strong></span> <span class='ocrx_word' id='word_1_35' title='bbox 644 766 709 807; x_wconf 82' lang='lat' dir='ltr'><strong>suoe</strong></span> <span class='ocrx_word' id='word_1_36' title='bbox 723 744 811 821; x_wconf 92' lang='lat' dir='ltr'><strong>socii,</strong></span> <span class='ocrx_word' id='word_1_37' title='bbox 827 744 1085 833; x_wconf 83' lang='lat' dir='ltr'>defensoremque</span> <span class='ocrx_word' id='word_1_38' title='bbox 1097 746 1296 812; x_wconf 84' lang='lat' dir='ltr'><strong>fortunarum</strong></span> 
     </span>
     <span class='ocr_line' id='line_1_6' title="bbox 119 827 1353 923; baseline 0.004 -31"><span class='ocrx_word' id='word_1_39' title='bbox 119 850 270 903; x_wconf 86' lang='lat' dir='ltr'><strong>suarum,</strong></span> <span class='ocrx_word' id='word_1_40' title='bbox 283 827 481 913; x_wconf 75' lang='lat' dir='ltr'><strong>potissimum</strong></span> <span class='ocrx_word' id='word_1_41' title='bbox 497 851 565 893; x_wconf 90' lang='lat' dir='ltr'><strong>esse</strong></span> <span class='ocrx_word' id='word_1_42' title='bbox 579 829 754 895; x_wconf 89' lang='lat' dir='ltr'><strong>voluerunt.</strong></span> <span class='ocrx_word' id='word_1_43' title='bbox 800 832 863 908; x_wconf 89' lang='lat' dir='ltr'><strong>An,</strong></span> <span class='ocrx_word' id='word_1_44' title='bbox 880 832 964 919; x_wconf 89' lang='lat' dir='ltr'><strong>quod</strong></span> <span class='ocrx_word' id='word_1_45' title='bbox 976 832 1016 896; x_wconf 90' lang='lat' dir='ltr'><strong>ad</strong></span> <span class='ocrx_word' id='word_1_46' title='bbox 1042 853 1295 896; x_wconf 82' lang='lat' dir='ltr'><strong>commemoratr-</strong></span> <span class='ocrx_word' id='word_1_47' title='bbox 1329 865 1353 923; x_wconf 73' lang='lat'><strong><em>5</em></strong></span> 
     </span>
     <span class='ocr_line' id='line_1_7' title="bbox 125 913 1297 1000; baseline 0.004 -22"><span class='ocrx_word' id='word_1_48' title='bbox 125 913 211 978; x_wconf 85' lang='lat' dir='ltr'><strong>dum</strong></span> <span class='ocrx_word' id='word_1_49' title='bbox 231 926 275 977; x_wconf 88' lang='lat' dir='ltr'><strong>est</strong></span> <span class='ocrx_word' id='word_1_50' title='bbox 295 913 470 988; x_wconf 77' lang='lat' dir='ltr'><strong>honestius,</strong></span> <span class='ocrx_word' id='word_1_51' title='bbox 501 913 535 977; x_wconf 89' lang='lat' dir='ltr'><strong>id</strong></span> <span class='ocrx_word' id='word_1_52' title='bbox 561 915 829 1000; x_wconf 83' lang='lat' dir='ltr'><strong>adprobandum</strong></span> <span class='ocrx_word' id='word_1_53' title='bbox 858 938 923 980; x_wconf 93' lang='lat' dir='ltr'><strong>non</strong></span> <span class='ocrx_word' id='word_1_54' title='bbox 949 917 1050 981; x_wconf 91' lang='lat' dir='ltr'><strong>multo</strong></span> <span class='ocrx_word' id='word_1_55' title='bbox 1075 915 1175 981; x_wconf 89' lang='lat' dir='ltr'><strong>videri</strong></span> <span class='ocrx_word' id='word_1_56' title='bbox 1200 915 1297 983; x_wconf 83' lang='lat' dir='ltr'><strong>debet</strong></span> 
     </span>
     <span class='ocr_line' id='line_1_8' title="bbox 127 998 1334 1087; baseline 0.005 -24"><span class='ocrx_word' id='word_1_57' title='bbox 127 998 274 1085; x_wconf 66' lang='lat' dir='ltr'><strong>aquius?</strong></span> <span class='ocrx_word' id='word_1_58' title='bbox 319 1000 404 1065; x_wconf 87' lang='lat' dir='ltr'><strong>Utra</strong></span> <span class='ocrx_word' id='word_1_59' title='bbox 419 1000 517 1085; x_wconf 79' lang='lat' dir='ltr'><strong>igitur</strong></span> <span class='ocrx_word' id='word_1_60' title='bbox 540 1015 587 1065; x_wconf 91' lang='lat' dir='ltr'><strong>est</strong></span> <span class='ocrx_word' id='word_1_61' title='bbox 607 1001 813 1087; x_wconf 85' lang='lat' dir='ltr'><strong>splendidior,</strong></span> <span class='ocrx_word' id='word_1_62' title='bbox 835 1014 905 1066; x_wconf 83' lang='lat' dir='ltr'><strong>utra</strong></span> <span class='ocrx_word' id='word_1_63' title='bbox 928 1002 1078 1067; x_wconf 84' lang='lat' dir='ltr'><strong>illustrior</strong></span> <span class='ocrx_word' id='word_1_64' title='bbox 1104 1024 1298 1069; x_wconf 86' lang='lat' dir='ltr'><strong>commemo·</strong></span> <span class='ocrx_word' id='word_1_65' title='bbox 1330 1037 1334 1042; x_wconf 96' lang='lat'>·</span> 
     </span>
     <span class='ocr_line' id='line_1_9' title="bbox 131 1084 1298 1175; baseline 0.003 -26"><span class='ocrx_word' id='word_1_66' title='bbox 131 1084 235 1149; x_wconf 84' lang='lat' dir='ltr'><strong>ratio?</strong></span> <span class='ocrx_word' id='word_1_67' title='bbox 278 1086 437 1151; x_wconf 76' lang='lat' dir='ltr'><strong>Accusavi</strong></span> <span class='ocrx_word' id='word_1_68' title='bbox 450 1108 535 1163; x_wconf 90' lang='lat' dir='ltr'><strong>eum,</strong></span> <span class='ocrx_word' id='word_1_69' title='bbox 557 1084 682 1174; x_wconf 88' lang='lat' dir='ltr'><strong>quicum</strong></span> <span class='ocrx_word' id='word_1_70' title='bbox 699 1086 979 1173; x_wconf 83' lang='lat' dir='ltr'><strong>quaestorfueram,</strong></span> <span class='ocrx_word' id='word_1_71' title='bbox 1005 1087 1130 1175; x_wconf 89' lang='lat' dir='ltr'><strong>quicum</strong></span> <span class='ocrx_word' id='word_1_72' title='bbox 1153 1110 1202 1153; x_wconf 90' lang='lat' dir='ltr'><strong>me</strong></span> <span class='ocrx_word' id='word_1_73' title='bbox 1215 1110 1298 1165; x_wconf 90' lang='lat' dir='ltr'><strong>sors,</strong></span> 
     </span>
     <span class='ocr_line' id='line_1_10' title="bbox 132 1170 1297 1261; baseline 0.002 -26"><span class='ocrx_word' id='word_1_74' title='bbox 132 1172 388 1258; x_wconf 81' lang='lat' dir='ltr'><strong>consuetudoque</strong></span> <span class='ocrx_word' id='word_1_75' title='bbox 402 1172 569 1256; x_wconf 88' lang='lat' dir='ltr'><strong>majorum,</strong></span> <span class='ocrx_word' id='word_1_76' title='bbox 597 1170 724 1259; x_wconf 89' lang='lat' dir='ltr'><strong>quicum</strong></span> <span class='ocrx_word' id='word_1_77' title='bbox 738 1195 790 1237; x_wconf 88' lang='lat' dir='ltr'><strong>ure</strong></span> <span class='ocrx_word' id='word_1_78' title='bbox 805 1173 949 1237; x_wconf 82' lang='lat' dir='ltr'><strong>Deorum</strong></span> <span class='ocrx_word' id='word_1_79' title='bbox 966 1174 1193 1261; x_wconf 85' lang='lat' dir='ltr'><strong>hominumque</strong></span> <span class='ocrx_word' id='word_1_80' title='bbox 1209 1173 1297 1260; x_wconf 91' lang='lat' dir='ltr'><strong>judi·</strong></span> 
     </span>
     <span class='ocr_line' id='line_1_11' title="bbox 129 1258 1358 1360; baseline 0.004 -40"><span class='ocrx_word' id='word_1_81' title='bbox 129 1258 210 1320; x_wconf 84' lang='lat' dir='ltr'><strong>cium</strong></span> <span class='ocrx_word' id='word_1_82' title='bbox 230 1259 460 1343; x_wconf 80' lang='lat' dir='ltr'><strong>conjunxerat3</strong></span> <span class='ocrx_word' id='word_1_83' title='bbox 483 1280 534 1334; x_wconf 87' lang='lat' dir='ltr'><strong>an,</strong></span> <span class='ocrx_word' id='word_1_84' title='bbox 560 1258 716 1322; x_wconf 83' lang='lat' dir='ltr'><strong>Accusavi</strong></span> <span class='ocrx_word' id='word_1_85' title='bbox 741 1271 855 1344; x_wconf 80' lang='lat' dir='ltr'><strong>rogatu</strong></span> <span class='ocrx_word' id='word_1_86' title='bbox 881 1260 1038 1324; x_wconf 89' lang='lat' dir='ltr'><strong>sociorum</strong></span> <span class='ocrx_word' id='word_1_87' title='bbox 1064 1271 1158 1360; x_wconf 84' lang='lat' dir='ltr'><strong>utque</strong></span> <span class='ocrx_word' id='word_1_88' title='bbox 1179 1260 1358 1349; x_wconf 81' lang='lat' dir='ltr'><strong>amico-10</strong></span> 
     </span>
     <span class='ocr_line' id='line_1_12' title="bbox 129 1343 1299 1432; baseline 0.004 -27"><span class='ocrx_word' id='word_1_89' title='bbox 129 1363 214 1406; x_wconf 87' lang='lat' dir='ltr'><strong>rum:</strong></span> <span class='ocrx_word' id='word_1_90' title='bbox 238 1343 381 1409; x_wconf 87' lang='lat' dir='ltr'><strong>delectus</strong></span> <span class='ocrx_word' id='word_1_91' title='bbox 409 1365 479 1407; x_wconf 89' lang='lat' dir='ltr'><strong>sum</strong></span> <span class='ocrx_word' id='word_1_92' title='bbox 505 1344 546 1408; x_wconf 84' lang='lat' dir='ltr'><strong>ab</strong></span> <span class='ocrx_word' id='word_1_93' title='bbox 572 1343 716 1408; x_wconf 71' lang='lat' dir='ltr'><strong>universi</strong></span> <span class='ocrx_word' id='word_1_94' title='bbox 740 1344 915 1429; x_wconf 69' lang='lat' dir='ltr'><strong>provincii,</strong></span> <span class='ocrx_word' id='word_1_95' title='bbox 940 1345 994 1431; x_wconf 94' lang='lat' dir='ltr'><strong>qui</strong></span> <span class='ocrx_word' id='word_1_96' title='bbox 1019 1346 1085 1430; x_wconf 89' lang='lat' dir='ltr'><strong>ejus</strong></span> <span class='ocrx_word' id='word_1_97' title='bbox 1103 1367 1178 1432; x_wconf 80' lang='lat' dir='ltr'><strong>Jura</strong></span> <span class='ocrx_word' id='word_1_98' title='bbox 1198 1345 1299 1410; x_wconf 83' lang='lat' dir='ltr'><strong>fortu-</strong></span> 
     </span>
     <span class='ocr_line' id='line_1_13' title="bbox 128 1427 1301 1532; baseline 0.003 -41"><span class='ocrx_word' id='word_1_99' title='bbox 128 1449 249 1515; x_wconf 83' lang='lat' dir='ltr'><strong>nasque</strong></span> <span class='ocrx_word' id='word_1_100' title='bbox 268 1427 500 1494; x_wconf 84' lang='lat' dir='ltr'><strong>defenderem?</strong></span> <span class='ocrx_word' id='word_1_101' title='bbox 543 1429 700 1494; x_wconf 85' lang='lat' dir='ltr'><strong>Dubitare</strong></span> <span class='ocrx_word' id='word_1_102' title='bbox 715 1431 879 1517; x_wconf 83' lang='lat' dir='ltr'><strong>quisquam</strong></span> <span class='ocrx_word' id='word_1_103' title='bbox 902 1443 1014 1515; x_wconf 83' lang='lat' dir='ltr'><strong>potest,</strong></span> <span class='ocrx_word' id='word_1_104' title='bbox 1038 1429 1113 1532; x_wconf 89' lang='lat' dir='ltr'><strong>quin</strong></span> <span class='ocrx_word' id='word_1_105' title='bbox 1136 1430 1301 1494; x_wconf 85' lang='lat' dir='ltr'><strong>honestius</strong></span> 
     </span>
     <span class='ocr_line' id='line_1_14' title="bbox 125 1514 1301 1602; baseline 0.003 -25"><span class='ocrx_word' id='word_1_106' title='bbox 125 1514 178 1593; x_wconf 80' lang='lat' dir='ltr'><strong>sit,</strong></span> <span class='ocrx_word' id='word_1_107' title='bbox 210 1537 324 1579; x_wconf 87' lang='lat' dir='ltr'><strong>eorum</strong></span> <span class='ocrx_word' id='word_1_108' title='bbox 349 1514 457 1594; x_wconf 68' lang='lat' dir='ltr'><strong>coust,</strong></span> <span class='ocrx_word' id='word_1_109' title='bbox 491 1516 577 1600; x_wconf 87' lang='lat' dir='ltr'><strong>opud</strong></span> <span class='ocrx_word' id='word_1_110' title='bbox 599 1538 678 1602; x_wconf 92' lang='lat' dir='ltr'><strong>quos</strong></span> <span class='ocrx_word' id='word_1_111' title='bbox 703 1532 841 1602; x_wconf 85' lang='lat' dir='ltr'><strong>quaestor</strong></span> <span class='ocrx_word' id='word_1_112' title='bbox 863 1516 967 1592; x_wconf 90' lang='lat' dir='ltr'><strong>fueris,</strong></span> <span class='ocrx_word' id='word_1_113' title='bbox 1000 1538 1095 1602; x_wconf 91' lang='lat' dir='ltr'><strong>quam</strong></span> <span class='ocrx_word' id='word_1_114' title='bbox 1117 1538 1189 1579; x_wconf 90' lang='lat' dir='ltr'><strong>eum</strong></span> <span class='ocrx_word' id='word_1_115' title='bbox 1211 1517 1301 1601; x_wconf 90' lang='lat' dir='ltr'><strong>cujus</strong></span> 
     </span>
     <span class='ocr_line' id='line_1_15' title="bbox 131 1600 1300 1687; baseline -0.002 -19"><span class='ocrx_word' id='word_1_116' title='bbox 131 1615 269 1685; x_wconf 71' lang='lat' dir='ltr'><strong>questos</strong></span> <span class='ocrx_word' id='word_1_117' title='bbox 281 1601 388 1678; x_wconf 82' lang='lat' dir='ltr'><strong>fueris,</strong></span> <span class='ocrx_word' id='word_1_118' title='bbox 405 1600 573 1680; x_wconf 82' lang='lat' dir='ltr'><strong>accusare?</strong></span> <span class='ocrx_word' id='word_1_119' title='bbox 618 1601 794 1665; x_wconf 83' lang='lat' dir='ltr'><strong>Clarissimi</strong></span> <span class='ocrx_word' id='word_1_120' title='bbox 809 1601 868 1665; x_wconf 93' lang='lat' dir='ltr'><strong>viri</strong></span> <span class='ocrx_word' id='word_1_121' title='bbox 883 1613 999 1665; x_wconf 88' lang='lat' dir='ltr'><strong>nostrae</strong></span> <span class='ocrx_word' id='word_1_122' title='bbox 1010 1601 1156 1678; x_wconf 84' lang='lat' dir='ltr'><strong>civitatis,</strong></span> <span class='ocrx_word' id='word_1_123' title='bbox 1175 1613 1300 1687; x_wconf 86' lang='lat' dir='ltr'><strong>tempo·</strong></span> 
     </span>
     <span class='ocr_line' id='line_1_16' title="bbox 130 1685 1357 1779; baseline 0.002 -30"><span class='ocrx_word' id='word_1_124' title='bbox 130 1687 219 1750; x_wconf 87' lang='lat' dir='ltr'><strong>ribus</strong></span> <span class='ocrx_word' id='word_1_125' title='bbox 247 1686 387 1772; x_wconf 90' lang='lat' dir='ltr'><strong>optimis,</strong></span> <span class='ocrx_word' id='word_1_126' title='bbox 423 1685 485 1749; x_wconf 93' lang='lat' dir='ltr'><strong>hoc</strong></span> <span class='ocrx_word' id='word_1_127' title='bbox 510 1686 572 1749; x_wconf 91' lang='lat' dir='ltr'><strong>sibi</strong></span> <span class='ocrx_word' id='word_1_128' title='bbox 598 1686 826 1771; x_wconf 87' lang='lat' dir='ltr'><strong>amplissimum</strong></span> <span class='ocrx_word' id='word_1_129' title='bbox 857 1686 1168 1772; x_wconf 89' lang='lat' dir='ltr'><strong>pulcherrimumque</strong></span> <span class='ocrx_word' id='word_1_130' title='bbox 1202 1685 1357 1779; x_wconf 72' lang='lat' dir='ltr'><strong>duce-15</strong></span> 
     </span>
     <span class='ocr_line' id='line_1_17' title="bbox 131 1770 1300 1871; baseline -0.001 -36"><span class='ocrx_word' id='word_1_131' title='bbox 131 1770 220 1850; x_wconf 86' lang='lat' dir='ltr'><strong>bunt,</strong></span> <span class='ocrx_word' id='word_1_132' title='bbox 241 1773 283 1836; x_wconf 83' lang='lat' dir='ltr'><strong>ab</strong></span> <span class='ocrx_word' id='word_1_133' title='bbox 297 1771 474 1856; x_wconf 85' lang='lat' dir='ltr'><strong>hospitibus</strong></span> <span class='ocrx_word' id='word_1_134' title='bbox 488 1772 719 1871; x_wconf 77' lang='lat' dir='ltr'><strong>clientibusque</strong></span> <span class='ocrx_word' id='word_1_135' title='bbox 732 1772 806 1848; x_wconf 89' lang='lat' dir='ltr'><strong>suis,</strong></span> <span class='ocrx_word' id='word_1_136' title='bbox 829 1771 869 1834; x_wconf 90' lang='lat' dir='ltr'><strong>ab</strong></span> <span class='ocrx_word' id='word_1_137' title='bbox 885 1771 1207 1848; x_wconf 80' lang='lat' dir='ltr'><strong>exterisnationibus,</strong></span> <span class='ocrx_word' id='word_1_138' title='bbox 1227 1794 1300 1857; x_wconf 84' lang='lat' dir='ltr'><strong>quae</strong></span> 
     </span>
     <span class='ocr_line' id='line_1_18' title="bbox 132 1856 1302 1942; baseline -0.001 -23"><span class='ocrx_word' id='word_1_139' title='bbox 132 1857 170 1919; x_wconf 90' lang='lat' dir='ltr'><strong>in</strong></span> <span class='ocrx_word' id='word_1_140' title='bbox 184 1857 359 1920; x_wconf 83' lang='lat' dir='ltr'><strong>amicitiam</strong></span> <span class='ocrx_word' id='word_1_141' title='bbox 380 1856 491 1942; x_wconf 92' lang='lat' dir='ltr'><strong>populi</strong></span> <span class='ocrx_word' id='word_1_142' title='bbox 518 1857 613 1921; x_wconf 86' lang='lat' dir='ltr'><strong>Rom.</strong></span> <span class='ocrx_word' id='word_1_143' title='bbox 640 1856 855 1942; x_wconf 78' lang='lat' dir='ltr'><strong>ditionemque</strong></span> <span class='ocrx_word' id='word_1_144' title='bbox 880 1869 992 1932; x_wconf 91' lang='lat' dir='ltr'><strong>essent,</strong></span> <span class='ocrx_word' id='word_1_145' title='bbox 1016 1857 1146 1941; x_wconf 89' lang='lat' dir='ltr'><strong>injurias</strong></span> <span class='ocrx_word' id='word_1_146' title='bbox 1169 1856 1302 1940; x_wconf 90' lang='lat' dir='ltr'><strong>propul-</strong></span> 
     </span>
     <span class='ocr_line' id='line_1_19' title="bbox 134 1939 1306 2028; baseline -0.003 -23"><span class='ocrx_word' id='word_1_147' title='bbox 134 1962 221 2017; x_wconf 80' lang='lat' dir='ltr'><strong>sare,</strong></span> <span class='ocrx_word' id='word_1_148' title='bbox 245 1963 411 2028; x_wconf 90' lang='lat' dir='ltr'><strong>eorumque</strong></span> <span class='ocrx_word' id='word_1_149' title='bbox 434 1941 577 2007; x_wconf 83' lang='lat' dir='ltr'><strong>fortunas</strong></span> <span class='ocrx_word' id='word_1_150' title='bbox 606 1941 784 2007; x_wconf 81' lang='lat' dir='ltr'><strong>defendere.</strong></span> <span class='ocrx_word' id='word_1_151' title='bbox 849 1940 898 2005; x_wconf 91' lang='lat' dir='ltr'><strong>M.</strong></span> <span class='ocrx_word' id='word_1_152' title='bbox 931 1941 1084 2005; x_wconf 88' lang='lat' dir='ltr'><strong>Catonem</strong></span> <span class='ocrx_word' id='word_1_153' title='bbox 1108 1939 1197 2003; x_wconf 91' lang='lat' dir='ltr'><strong>illum</strong></span> <span class='ocrx_word' id='word_1_154' title='bbox 1219 1940 1306 2025; x_wconf 85' lang='lat' dir='ltr'><strong>sapi·</strong></span> 
     </span>
     <span class='ocr_line' id='line_1_20' title="bbox 136 2025 1303 2113; baseline -0.003 -22"><span class='ocrx_word' id='word_1_155' title='bbox 136 2039 256 2102; x_wconf 86' lang='lat' dir='ltr'><strong>entem,</strong></span> <span class='ocrx_word' id='word_1_156' title='bbox 279 2026 483 2091; x_wconf 85' lang='lat' dir='ltr'><strong>clarissimum</strong></span> <span class='ocrx_word' id='word_1_157' title='bbox 500 2029 603 2092; x_wconf 91' lang='lat' dir='ltr'><strong>virum</strong></span> <span class='ocrx_word' id='word_1_158' title='bbox 618 2041 649 2092; x_wconf 89' lang='lat' dir='ltr'><strong>et</strong></span> <span class='ocrx_word' id='word_1_159' title='bbox 663 2027 955 2113; x_wconf 88' lang='lat' dir='ltr'><strong>prudentissimum,</strong></span> <span class='ocrx_word' id='word_1_160' title='bbox 982 2048 1054 2090; x_wconf 91' lang='lat' dir='ltr'><strong>cum</strong></span> <span class='ocrx_word' id='word_1_161' title='bbox 1070 2025 1177 2089; x_wconf 89' lang='lat' dir='ltr'><strong>multis</strong></span> <span class='ocrx_word' id='word_1_162' title='bbox 1190 2047 1303 2112; x_wconf 78' lang='lat' dir='ltr'><strong>graves</strong></span> 
     </span>
     <span class='ocr_line' id='line_1_21' title="bbox 134 2111 1361 2212; baseline 0 -38"><span class='ocrx_word' id='word_1_163' title='bbox 134 2113 317 2177; x_wconf 85' lang='lat' dir='ltr'><strong>inimicitias</strong></span> <span class='ocrx_word' id='word_1_164' title='bbox 325 2117 458 2212; x_wconf 80' lang='lat' dir='ltr'><strong>gessisse</strong></span> <span class='ocrx_word' id='word_1_165' title='bbox 469 2115 646 2199; x_wconf 86' lang='lat' dir='ltr'><strong>accepimus</strong></span> <span class='ocrx_word' id='word_1_166' title='bbox 657 2136 718 2198; x_wconf 91' lang='lat' dir='ltr'><strong>pro</strong></span> <span class='ocrx_word' id='word_1_167' title='bbox 743 2127 790 2178; x_wconf 88' lang='lat' dir='ltr'><strong>ter</strong></span> <span class='ocrx_word' id='word_1_168' title='bbox 801 2114 1026 2199; x_wconf 86' lang='lat' dir='ltr'><strong>Hispanorum,</strong></span> <span class='ocrx_word' id='word_1_169' title='bbox 1041 2111 1125 2197; x_wconf 84' lang='lat' dir='ltr'><strong>opud</strong></span> <span class='ocrx_word' id='word_1_170' title='bbox 1135 2134 1214 2198; x_wconf 91' lang='lat' dir='ltr'><strong>quos</strong></span> <span class='ocrx_word' id='word_1_171' title='bbox 1226 2132 1299 2174; x_wconf 91' lang='lat' dir='ltr'><strong>con·</strong></span> <span class='ocrx_word' id='word_1_172' title='bbox 1315 2148 1361 2209; x_wconf 68' lang='lat'><strong>20</strong></span> 
     </span>
     <span class='ocr_line' id='line_1_22' title="bbox 131 2137 1304 2285; baseline -0.002 -22"><span class='ocrx_word' id='word_1_173' title='bbox 131 2199 179 2263; x_wconf 87' lang='lat' dir='ltr'><strong>sul</strong></span> <span class='ocrx_word' id='word_1_174' title='bbox 195 2198 309 2275; x_wconf 85' lang='lat' dir='ltr'><strong>fuerat,</strong></span> <span class='ocrx_word' id='word_1_175' title='bbox 326 2201 466 2285; x_wconf 81' lang='lat' dir='ltr'><strong>rnjuriss.</strong></span> <span class='ocrx_word' id='word_1_176' title='bbox 512 2200 622 2285; x_wconf 88' lang='lat' dir='ltr'><strong>Nuper</strong></span> <span class='ocrx_word' id='word_1_177' title='bbox 640 2200 700 2264; x_wconf 90' lang='lat' dir='ltr'><strong>Cn.</strong></span> <span class='ocrx_word' id='word_1_178' title='bbox 710 2137 888 2264; x_wconf 75' lang='lat' dir='ltr'><strong>llomitium</strong></span> <span class='ocrx_word' id='word_1_179' title='bbox 904 2199 1019 2263; x_wconf 90' lang='lat' dir='ltr'><strong>scimus</strong></span> <span class='ocrx_word' id='word_1_180' title='bbox 1033 2198 1080 2262; x_wconf 92' lang='lat' dir='ltr'><strong>M.</strong></span> <span class='ocrx_word' id='word_1_181' title='bbox 1094 2197 1203 2263; x_wconf 84' lang='lat' dir='ltr'><strong>Silano</strong></span> <span class='ocrx_word' id='word_1_182' title='bbox 1217 2196 1304 2262; x_wconf 89' lang='lat' dir='ltr'><strong>diem</strong></span> 
     </span>
     <span class='ocr_line' id='line_1_23' title="bbox 134 2284 1306 2372; baseline 0 -24"><span class='ocrx_word' id='word_1_183' title='bbox 134 2284 251 2349; x_wconf 84' lang='lat' dir='ltr'><strong>dixisse</strong></span> <span class='ocrx_word' id='word_1_184' title='bbox 277 2298 411 2371; x_wconf 86' lang='lat' dir='ltr'><strong>propter</strong></span> <span class='ocrx_word' id='word_1_185' title='bbox 433 2286 526 2349; x_wconf 91' lang='lat' dir='ltr'><strong>unius</strong></span> <span class='ocrx_word' id='word_1_186' title='bbox 549 2286 695 2362; x_wconf 89' lang='lat' dir='ltr'><strong>hominis,</strong></span> <span class='ocrx_word' id='word_1_187' title='bbox 719 2285 924 2372; x_wconf 85' lang='lat' dir='ltr'><strong>Egritomari‚</strong></span> <span class='ocrx_word' id='word_1_188' title='bbox 948 2285 1071 2368; x_wconf 88' lang='lat' dir='ltr'><strong>paterni</strong></span> <span class='ocrx_word' id='word_1_189' title='bbox 1093 2284 1186 2348; x_wconf 87' lang='lat' dir='ltr'><strong>aurici</strong></span> <span class='ocrx_word' id='word_1_190' title='bbox 1209 2296 1306 2369; x_wconf 85' lang='lat' dir='ltr'><strong>atque</strong></span> 
     </span>
     <span class='ocr_line' id='line_1_24' title="bbox 134 2367 1306 2457; baseline 0 -24"><span class='ocrx_word' id='word_1_191' title='bbox 134 2369 280 2456; x_wconf 88' lang='lat' dir='ltr'><strong>hospitis,</strong></span> <span class='ocrx_word' id='word_1_192' title='bbox 304 2372 444 2456; x_wconf 83' lang='lat' dir='ltr'><strong>injurias.</strong></span> <span class='ocrx_word' id='word_1_193' title='bbox 491 2371 602 2457; x_wconf 86' lang='lat' dir='ltr'><strong>Neque</strong></span> <span class='ocrx_word' id='word_1_194' title='bbox 626 2372 711 2435; x_wconf 90' lang='lat' dir='ltr'><strong>enim</strong></span> <span class='ocrx_word' id='word_1_195' title='bbox 730 2367 831 2457; x_wconf 78' lang='lat' dir='ltr'><strong>magis</strong></span> <span class='ocrx_word' id='word_1_196' title='bbox 853 2372 975 2434; x_wconf 81' lang='lat' dir='ltr'><strong>animos</strong></span> <span class='ocrx_word' id='word_1_197' title='bbox 998 2370 1162 2433; x_wconf 91' lang='lat' dir='ltr'><strong>hominum</strong></span> <span class='ocrx_word' id='word_1_198' title='bbox 1185 2390 1306 2433; x_wconf 87' lang='lat' dir='ltr'><strong>nocen-</strong></span> 
     </span>
     <span class='ocr_line' id='line_1_25' title="bbox 136 2453 1305 2543; baseline -0.003 -24"><span class='ocrx_word' id='word_1_199' title='bbox 136 2459 216 2521; x_wconf 88' lang='lat' dir='ltr'><strong>tium</strong></span> <span class='ocrx_word' id='word_1_200' title='bbox 240 2479 291 2520; x_wconf 91' lang='lat' dir='ltr'><strong>res</strong></span> <span class='ocrx_word' id='word_1_201' title='bbox 315 2479 455 2543; x_wconf 90' lang='lat' dir='ltr'><strong>unquam</strong></span> <span class='ocrx_word' id='word_1_202' title='bbox 478 2456 542 2521; x_wconf 85' lang='lat' dir='ltr'><strong>ulla</strong></span> <span class='ocrx_word' id='word_1_203' title='bbox 566 2458 747 2534; x_wconf 88' lang='lat' dir='ltr'><strong>commovit,</strong></span> <span class='ocrx_word' id='word_1_204' title='bbox 777 2453 872 2543; x_wconf 74' lang='lat' dir='ltr'><strong>qudrn</strong></span> <span class='ocrx_word' id='word_1_205' title='bbox 898 2455 967 2520; x_wconf 69' lang='lat' dir='ltr'><strong>haec</strong></span> <span class='ocrx_word' id='word_1_206' title='bbox 993 2458 1147 2542; x_wconf 79' lang='lat' dir='ltr'><strong>mhjorum</strong></span> <span class='ocrx_word' id='word_1_207' title='bbox 1173 2477 1305 2518; x_wconf 92' lang='lat' dir='ltr'><strong>consue·</strong></span> 
     </span>
     <span class='ocr_line' id='line_1_26' title="bbox 137 2539 1361 2632; baseline -0.005 -26"><span class='ocrx_word' id='word_1_208' title='bbox 137 2542 225 2619; x_wconf 92' lang='lat' dir='ltr'><strong>tudo,</strong></span> <span class='ocrx_word' id='word_1_209' title='bbox 260 2541 384 2629; x_wconf 74' lang='lat' dir='ltr'><strong>“longo</strong></span> <span class='ocrx_word' id='word_1_210' title='bbox 414 2541 578 2608; x_wconf 82' lang='lat' dir='ltr'><strong>interuallo</strong></span> <span class='ocrx_word' id='word_1_211' title='bbox 601 2541 850 2627; x_wconf 68' lang='lat' dir='ltr'><strong>repetita&#39;stque</strong></span> <span class='ocrx_word' id='word_1_212' title='bbox 874 2540 989 2617; x_wconf 84' lang='lat' dir='ltr'><strong>relata3</strong></span> <span class='ocrx_word' id='word_1_213' title='bbox 1012 2541 1169 2603; x_wconf 84' lang='lat' dir='ltr'><strong>sociorum</strong></span> <span class='ocrx_word' id='word_1_214' title='bbox 1199 2539 1361 2632; x_wconf 64' lang='lat' dir='ltr'><strong>queri-25</strong></span> 
     </span>
     <span class='ocr_line' id='line_1_27' title="bbox 137 2623 1307 2708; baseline -0.006 -17"><span class='ocrx_word' id='word_1_215' title='bbox 137 2630 258 2691; x_wconf 81' lang='lat' dir='ltr'><strong>moniae</strong></span> <span class='ocrx_word' id='word_1_216' title='bbox 286 2626 400 2691; x_wconf 85' lang='lat' dir='ltr'><strong>delutae</strong></span> <span class='ocrx_word' id='word_1_217' title='bbox 415 2626 456 2690; x_wconf 89' lang='lat' dir='ltr'><strong>ud</strong></span> <span class='ocrx_word' id='word_1_218' title='bbox 472 2627 634 2691; x_wconf 90' lang='lat' dir='ltr'><strong>hominem</strong></span> <span class='ocrx_word' id='word_1_219' title='bbox 658 2629 743 2691; x_wconf 82' lang='lat' dir='ltr'><strong>bnon</strong></span> <span class='ocrx_word' id='word_1_220' title='bbox 760 2627 993 2702; x_wconf 87' lang='lat' dir='ltr'><strong>inertissimum,</strong></span> <span class='ocrx_word' id='word_1_221' title='bbox 1025 2637 1175 2708; x_wconf 78' lang='lat' dir='ltr'><strong>susceptae</strong></span> <span class='ocrx_word' id='word_1_222' title='bbox 1201 2623 1242 2684; x_wconf 89' lang='lat' dir='ltr'><strong>ab</strong></span> <span class='ocrx_word' id='word_1_223' title='bbox 1267 2644 1307 2685; x_wconf 91' lang='lat' dir='ltr'><strong>eo</strong></span> 
     </span>
     <span class='ocr_line' id='line_1_28' title="bbox 163 2701 1310 2797; baseline -0.006 -23"><span class='ocrx_word' id='word_1_224' title='bbox 163 2714 198 2775; x_wconf 92' lang='lat' dir='ltr'><strong>ui</strong></span> <span class='ocrx_word' id='word_1_225' title='bbox 215 2712 380 2778; x_wconf 86' lang='lat' dir='ltr'><strong>videbatur</strong></span> <span class='ocrx_word' id='word_1_226' title='bbox 399 2735 508 2776; x_wconf 92' lang='lat' dir='ltr'><strong>eorum</strong></span> <span class='ocrx_word' id='word_1_227' title='bbox 528 2713 670 2778; x_wconf 88' lang='lat' dir='ltr'><strong>fortunas</strong></span> <span class='ocrx_word' id='word_1_228' title='bbox 685 2705 749 2776; x_wconf 84' lang='lat' dir='ltr'><strong>lide</strong></span> <span class='ocrx_word' id='word_1_229' title='bbox 772 2701 1001 2797; x_wconf 59' lang='lat' dir='ltr'><strong>diligentiaque</strong></span> <span class='ocrx_word' id='word_1_230' title='bbox 1016 2709 1072 2772; x_wconf 70' lang='lat' dir='ltr'><strong>suh</strong></span> <span class='ocrx_word' id='word_1_231' title='bbox 1095 2728 1189 2793; x_wconf 87' lang='lat' dir='ltr'><strong>posse</strong></span> <span class='ocrx_word' id='word_1_232' title='bbox 1198 2704 1310 2769; x_wconf 86' lang='lat' dir='ltr'><strong>delen·</strong></span> 
     </span>
     <span class='ocr_line' id='line_1_29' title="bbox 139 2736 1310 2878; baseline -0.005 -16"><span class='ocrx_word' id='word_1_233' title='bbox 139 2736 229 2862; x_wconf 73' lang='lat' dir='ltr'><strong>dere.</strong></span> <span class='ocrx_word' id='word_1_234' title='bbox 274 2798 348 2862; x_wconf 92' lang='lat' dir='ltr'><strong>Hoc</strong></span> <span class='ocrx_word' id='word_1_235' title='bbox 374 2798 488 2862; x_wconf 88' lang='lat' dir='ltr'><strong>timent</strong></span> <span class='ocrx_word' id='word_1_236' title='bbox 514 2798 667 2875; x_wconf 88' lang='lat' dir='ltr'><strong>homines,</strong></span> <span class='ocrx_word' id='word_1_237' title='bbox 690 2798 752 2861; x_wconf 90' lang='lat' dir='ltr'><strong>hoc</strong></span> <span class='ocrx_word' id='word_1_238' title='bbox 772 2795 936 2859; x_wconf 86' lang='lat' dir='ltr'><strong>laborant:</strong></span> <span class='ocrx_word' id='word_1_239' title='bbox 967 2795 1028 2857; x_wconf 92' lang='lat' dir='ltr'><strong>hoc</strong></span> <span class='ocrx_word' id='word_1_240' title='bbox 1051 2793 1182 2870; x_wconf 87' lang='lat' dir='ltr'><strong>institui,</strong></span> <span class='ocrx_word' id='word_1_241' title='bbox 1213 2803 1310 2878; x_wconf 83' lang='lat' dir='ltr'><strong>utque</strong></span> 
     </span>
     <span class='ocr_line' id='line_1_30' title="bbox 142 2877 1310 2963; baseline -0.005 -15"><span class='ocrx_word' id='word_1_242' title='bbox 142 2884 222 2948; x_wconf 82' lang='lat' dir='ltr'><strong>oded</strong></span> <span class='ocrx_word' id='word_1_243' title='bbox 236 2885 417 2950; x_wconf 88' lang='lat' dir='ltr'><strong>institutum</strong></span> <span class='ocrx_word' id='word_1_244' title='bbox 433 2883 541 2947; x_wconf 85' lang='lat' dir='ltr'><strong>referri</strong></span> <span class='ocrx_word' id='word_1_245' title='bbox 557 2909 594 2949; x_wconf 89' lang='lat' dir='ltr'><strong>ac</strong></span> <span class='ocrx_word' id='word_1_246' title='bbox 614 2884 771 2959; x_wconf 85' lang='lat' dir='ltr'><strong>renovari,</strong></span> <span class='ocrx_word' id='word_1_247' title='bbox 798 2878 930 2944; x_wconf 69' lang='lat' dir='ltr'><strong>moleste</strong></span> <span class='ocrx_word' id='word_1_248' title='bbox 945 2879 1063 2944; x_wconf 83' lang='lat' dir='ltr'><strong>lerunt:</strong></span> <span class='ocrx_word' id='word_1_249' title='bbox 1093 2890 1206 2963; x_wconf 82' lang='lat' dir='ltr'><strong>putant</strong></span> <span class='ocrx_word' id='word_1_250' title='bbox 1228 2877 1310 2954; x_wconf 85' lang='lat' dir='ltr'><strong>fore,</strong></span> 
     </span>
     <span class='ocr_line' id='line_1_31' title="bbox 139 2964 1370 3110; baseline -0.007 -76"><span class='ocrx_word' id='word_1_251' title='bbox 139 2968 196 3047; x_wconf 88' lang='lat' dir='ltr'><strong>uti,</strong></span> <span class='ocrx_word' id='word_1_252' title='bbox 219 2972 245 3034; x_wconf 92' lang='lat' dir='ltr'><strong>si</strong></span> <span class='ocrx_word' id='word_1_253' title='bbox 260 2970 417 3056; x_wconf 83' lang='lat' dir='ltr'><strong>paulatim</strong></span> <span class='ocrx_word' id='word_1_254' title='bbox 432 2969 502 3033; x_wconf 86' lang='lat' dir='ltr'><strong>lraec</strong></span> <span class='ocrx_word' id='word_1_255' title='bbox 515 2969 711 3034; x_wconf 87' lang='lat' dir='ltr'><strong>consuetudo</strong></span> <span class='ocrx_word' id='word_1_256' title='bbox 726 2985 903 3052; x_wconf 75' lang='lat' dir='ltr'><strong>serperent</strong></span> <span class='ocrx_word' id='word_1_257' title='bbox 925 2964 1074 3050; x_wconf 80' lang='lat' dir='ltr'><strong>cprodire</strong></span> <span class='ocrx_word' id='word_1_258' title='bbox 1089 2966 1228 3049; x_wconf 77' lang='lat' dir='ltr'><strong>coeperit,</strong></span> <span class='ocrx_word' id='word_1_259' title='bbox 1250 2983 1310 3110; x_wconf 80' lang='lat' dir='ltr'><strong>per</strong></span> <span class='ocrx_word' id='word_1_260' title='bbox 1322 3008 1370 3068; x_wconf 65' lang='lat'><strong>3⁰</strong></span> 
     </span>
     <span class='ocr_line' id='line_1_32' title="bbox 139 3047 1311 3142; baseline -0.006 -22"><span class='ocrx_word' id='word_1_261' title='bbox 139 3057 285 3121; x_wconf 87' lang='lat' dir='ltr'><strong>homines</strong></span> <span class='ocrx_word' id='word_1_262' title='bbox 300 3056 547 3131; x_wconf 88' lang='lat' dir='ltr'><strong>honestissimos,</strong></span> <span class='ocrx_word' id='word_1_263' title='bbox 565 3058 711 3142; x_wconf 87' lang='lat' dir='ltr'><strong>virosque</strong></span> <span class='ocrx_word' id='word_1_264' title='bbox 726 3052 921 3129; x_wconf 80' lang='lat' dir='ltr'><strong>fortissimos,</strong></span> <span class='ocrx_word' id='word_1_265' title='bbox 938 3074 1001 3113; x_wconf 93' lang='lat' dir='ltr'><strong>non</strong></span> <span class='ocrx_word' id='word_1_266' title='bbox 1015 3051 1176 3134; x_wconf 89' lang='lat' dir='ltr'><strong>imperitos</strong></span> <span class='ocrx_word' id='word_1_267' title='bbox 1188 3047 1249 3112; x_wconf 89' lang='lat' dir='ltr'><strong>ado</strong></span> <span class='ocrx_word' id='word_1_268' title='bbox 1263 3070 1311 3113; x_wconf 81' lang='lat' dir='ltr'><strong>es·</strong></span> 
     </span>
     <span class='ocr_line' id='line_1_33' title="bbox 141 3132 1313 3232; baseline -0.013 -24"><span class='ocrx_word' id='word_1_269' title='bbox 141 3142 283 3208; x_wconf 84' lang='lat' dir='ltr'><strong>centulos</strong></span> <span class='ocrx_word' id='word_1_270' title='bbox 302 3155 359 3204; x_wconf 86' lang='lat' dir='ltr'><strong>aut</strong></span> <span class='ocrx_word' id='word_1_271' title='bbox 378 3141 550 3204; x_wconf 87' lang='lat' dir='ltr'><strong>illiusmodi</strong></span> <span class='ocrx_word' id='word_1_272' title='bbox 574 3141 846 3227; x_wconf 65' lang='lat' dir='ltr'><strong>quadruplatores</strong></span> <span class='ocrx_word' id='word_1_273' title='bbox 870 3137 954 3222; x_wconf 79' lang='lat' dir='ltr'><strong>leges</strong></span> <span class='ocrx_word' id='word_1_274' title='bbox 971 3135 1154 3222; x_wconf 85' lang='lat' dir='ltr'><strong>judicioque</strong></span> <span class='ocrx_word' id='word_1_275' title='bbox 1168 3132 1313 3232; x_wconf 33' lang='lat' dir='ltr'><strong>&#39;admini-</strong></span> 
     </span>
     <span class='ocr_line' id='line_1_34' title="bbox 139 3223 1314 3312; baseline -0.007 -21"><span class='ocrx_word' id='word_1_276' title='bbox 139 3243 291 3292; x_wconf 83' lang='lat' dir='ltr'><strong>strentur.</strong></span> <span class='ocrx_word' id='word_1_277' title='bbox 338 3227 438 3312; x_wconf 88' lang='lat' dir='ltr'><strong>Cujus</strong></span> <span class='ocrx_word' id='word_1_278' title='bbox 453 3227 689 3291; x_wconf 87' lang='lat' dir='ltr'><strong>consuetudinis</strong></span> <span class='ocrx_word' id='word_1_279' title='bbox 709 3239 803 3311; x_wconf 89' lang='lat' dir='ltr'><strong>atque</strong></span> <span class='ocrx_word' id='word_1_280' title='bbox 824 3223 960 3287; x_wconf 89' lang='lat' dir='ltr'><strong>instituti</strong></span> <span class='ocrx_word' id='word_1_281' title='bbox 984 3238 1090 3307; x_wconf 87' lang='lat' dir='ltr'><strong>potres</strong></span> <span class='ocrx_word' id='word_1_282' title='bbox 1116 3239 1314 3304; x_wconf 67' lang='lat' dir='ltr'><strong>majoresque</strong></span> 
     </span>
    </p>
   </div>
   <div class='ocr_carea' id='block_1_3' title="bbox 184 3438 1274 3538">
    <p class='ocr_par' dir='ltr' id='par_1_3' title="bbox 184 3438 1274 3538">
     <span class='ocr_line' id='line_1_35' title="bbox 184 3438 1274 3538; baseline -0.007 -31"><span class='ocrx_word' id='word_1_283' title='bbox 184 3449 290 3538; x_wconf 45' lang='grc' dir='ltr'><strong>ειρεῦἰίξι</strong></span> <span class='ocrx_word' id='word_1_284' title='bbox 301 3445 384 3526; x_wconf 86' lang='lat' dir='ltr'><strong>longo</strong></span> <span class='ocrx_word' id='word_1_285' title='bbox 398 3447 700 3526; x_wconf 79' lang='lat' dir='ltr'><strong>tempore‘retrorsbm.</strong></span> <span class='ocrx_word' id='word_1_286' title='bbox 737 3443 817 3502; x_wconf 83' lang='lat' dir='ltr'><strong>bnou</strong></span> <span class='ocrx_word' id='word_1_287' title='bbox 832 3440 1073 3522; x_wconf 82' lang='lat' dir='ltr'><strong>imperitissimum.</strong></span> <span class='ocrx_word' id='word_1_288' title='bbox 1113 3448 1125 3476; x_wconf 76' lang='lat'><strong>⁰</strong></span> <span class='ocrx_word' id='word_1_289' title='bbox 1127 3438 1274 3519; x_wconf 76' lang='lat' dir='ltr'><strong>progredi.</strong></span> 
     </span>
    </p>
   </div>
   <div class='ocr_carea' id='block_1_4' title="bbox 149 3687 1329 4404">
    <p class='ocr_par' dir='ltr' id='par_1_4' title="bbox 178 3687 1320 3761">
     <span class='ocr_line' id='line_1_36' title="bbox 178 3687 1320 3761; baseline -0.011 -16"><span class='ocrx_word' id='word_1_290' title='bbox 178 3700 202 3745; x_wconf 84' lang='lat'><strong>8.</strong></span> <span class='ocrx_word' id='word_1_291' title='bbox 219 3697 289 3761; x_wconf 78' lang='lat' dir='ltr'><strong>Son]</strong></span> <span class='ocrx_word' id='word_1_292' title='bbox 307 3698 377 3744; x_wconf 86' lang='lat' dir='ltr'><strong>Sorte</strong></span> <span class='ocrx_word' id='word_1_293' title='bbox 389 3695 548 3742; x_wconf 85' lang='lat' dir='ltr'><strong>obveniebant</strong></span> <span class='ocrx_word' id='word_1_294' title='bbox 559 3695 693 3759; x_wconf 73' lang='lat' dir='ltr'><strong>provinciae.</strong></span> <span class='ocrx_word' id='word_1_295' title='bbox 781 3696 820 3739; x_wconf 77' lang='lat'><strong>18.</strong></span> <span class='ocrx_word' id='word_1_296' title='bbox 845 3691 948 3739; x_wconf 84' lang='lat' dir='ltr'><strong>Murcum</strong></span> <span class='ocrx_word' id='word_1_297' title='bbox 967 3688 1088 3753; x_wconf 73' lang='lat' dir='ltr'><strong>Catonem]</strong></span> <span class='ocrx_word' id='word_1_298' title='bbox 1113 3688 1149 3734; x_wconf 83' lang='lat' dir='ltr'><strong>M.</strong></span> <span class='ocrx_word' id='word_1_299' title='bbox 1168 3687 1228 3736; x_wconf 84' lang='lat' dir='ltr'><strong>Cato</strong></span> <span class='ocrx_word' id='word_1_300' title='bbox 1247 3701 1320 3734; x_wconf 74' lang='lat' dir='ltr'><strong>sccu-</strong></span> 
     </span>
    </p>

    <p class='ocr_par' dir='ltr' id='par_1_5' title="bbox 149 3752 1322 4148">
     <span class='ocr_line' id='line_1_37' title="bbox 179 3752 1319 3823; baseline -0.012 -13"><span class='ocrx_word' id='word_1_301' title='bbox 179 3766 203 3810; x_wconf 75' lang='lat'><strong>9.</strong></span> <span class='ocrx_word' id='word_1_302' title='bbox 242 3762 341 3809; x_wconf 78' lang='lat' dir='ltr'><strong>Deorum</strong></span> <span class='ocrx_word' id='word_1_303' title='bbox 391 3760 544 3822; x_wconf 81' lang='lat' dir='ltr'><strong>hominumque</strong></span> <span class='ocrx_word' id='word_1_304' title='bbox 581 3760 715 3823; x_wconf 74' lang='lat' dir='ltr'><strong>judicium]</strong></span> <span class='ocrx_word' id='word_1_305' title='bbox 749 3758 810 3805; x_wconf 84' lang='lat' dir='ltr'><strong>sarit</strong></span> <span class='ocrx_word' id='word_1_306' title='bbox 821 3755 926 3804; x_wconf 79' lang='lat' dir='ltr'><strong>Servium</strong></span> <span class='ocrx_word' id='word_1_307' title='bbox 938 3756 1038 3804; x_wconf 79' lang='lat' dir='ltr'><strong>Galbam</strong></span> <span class='ocrx_word' id='word_1_308' title='bbox 1051 3770 1092 3817; x_wconf 90' lang='lat' dir='ltr'><strong>pro</strong></span> <span class='ocrx_word' id='word_1_309' title='bbox 1108 3752 1205 3813; x_wconf 80' lang='lat' dir='ltr'><strong>direptis</strong></span> <span class='ocrx_word' id='word_1_310' title='bbox 1225 3752 1319 3798; x_wconf 69' lang='lat' dir='ltr'><strong>Lusita·</strong></span> 
     </span>
     <span class='ocr_line' id='line_1_38' title="bbox 151 3818 1321 3889; baseline -0.011 -17"><span class='ocrx_word' id='word_1_311' title='bbox 151 3824 247 3889; x_wconf 87' lang='lat' dir='ltr'><strong>Propter</strong></span> <span class='ocrx_word' id='word_1_312' title='bbox 258 3837 346 3873; x_wconf 86' lang='lat' dir='ltr'><strong>sortem</strong></span> <span class='ocrx_word' id='word_1_313' title='bbox 357 3825 402 3871; x_wconf 85' lang='lat' dir='ltr'><strong>hoc</strong></span> <span class='ocrx_word' id='word_1_314' title='bbox 413 3825 480 3878; x_wconf 89' lang='lat' dir='ltr'><strong>dicit,</strong></span> <span class='ocrx_word' id='word_1_315' title='bbox 498 3840 550 3886; x_wconf 80' lang='lat' dir='ltr'><strong>quur</strong></span> <span class='ocrx_word' id='word_1_316' title='bbox 562 3825 627 3886; x_wconf 69' lang='lat' dir='ltr'><strong>(quari</strong></span> <span class='ocrx_word' id='word_1_317' title='bbox 642 3826 718 3888; x_wconf 89' lang='lat' dir='ltr'><strong>quod·</strong></span> <span class='ocrx_word' id='word_1_318' title='bbox 752 3823 797 3876; x_wconf 86' lang='lat' dir='ltr'><strong>nis,</strong></span> <span class='ocrx_word' id='word_1_319' title='bbox 819 3829 844 3869; x_wconf 83' lang='lat' dir='ltr'><strong>et</strong></span> <span class='ocrx_word' id='word_1_320' title='bbox 861 3821 921 3867; x_wconf 87' lang='lat' dir='ltr'><strong>Pub.</strong></span> <span class='ocrx_word' id='word_1_321' title='bbox 944 3820 1036 3867; x_wconf 74' lang='lat' dir='ltr'><strong>furium</strong></span> <span class='ocrx_word' id='word_1_322' title='bbox 1059 3834 1101 3881; x_wconf 86' lang='lat' dir='ltr'><strong>pro</strong></span> <span class='ocrx_word' id='word_1_323' title='bbox 1120 3818 1202 3864; x_wconf 86' lang='lat' dir='ltr'><strong>iisdem</strong></span> <span class='ocrx_word' id='word_1_324' title='bbox 1222 3821 1321 3878; x_wconf 82' lang='lat' dir='ltr'><strong>propter</strong></span> 
     </span>
     <span class='ocr_line' id='line_1_39' title="bbox 149 3882 1307 3951; baseline -0.009 -15"><span class='ocrx_word' id='word_1_325' title='bbox 149 3891 203 3937; x_wconf 79' lang='lat' dir='ltr'><strong>dam</strong></span> <span class='ocrx_word' id='word_1_326' title='bbox 217 3901 253 3939; x_wconf 85' lang='lat' dir='ltr'><strong>est</strong></span> <span class='ocrx_word' id='word_1_327' title='bbox 269 3894 370 3938; x_wconf 86' lang='lat' dir='ltr'><strong>deorum</strong></span> <span class='ocrx_word' id='word_1_328' title='bbox 381 3889 511 3950; x_wconf 88' lang='lat' dir='ltr'><strong>judicium:</strong></span> <span class='ocrx_word' id='word_1_329' title='bbox 530 3887 719 3943; x_wconf 83' lang='lat' dir='ltr'><strong>hominumveui,</strong></span> <span class='ocrx_word' id='word_1_330' title='bbox 752 3887 855 3949; x_wconf 81' lang='lat' dir='ltr'><strong>iniquum</strong></span> <span class='ocrx_word' id='word_1_331' title='bbox 867 3885 1043 3932; x_wconf 67' lang='lat' dir='ltr'><strong>estimationem</strong></span> <span class='ocrx_word' id='word_1_332' title='bbox 1055 3882 1171 3929; x_wconf 79' lang='lat' dir='ltr'><strong>frumenti.</strong></span> <span class='ocrx_word' id='word_1_333' title='bbox 1300 3939 1307 3951; x_wconf 39' lang='grc' dir='ltr'>ι</span> 
     </span>
     <span class='ocr_line' id='line_1_40' title="bbox 152 3939 1320 4018; baseline -0.015 -16"><span class='ocrx_word' id='word_1_334' title='bbox 152 3969 235 4018; x_wconf 82' lang='lat' dir='ltr'><strong>uernpe</strong></span> <span class='ocrx_word' id='word_1_335' title='bbox 246 3954 379 4010; x_wconf 87' lang='lat' dir='ltr'><strong>consulum,</strong></span> <span class='ocrx_word' id='word_1_336' title='bbox 397 3952 460 4016; x_wconf 83' lang='lat' dir='ltr'><strong>quia,</strong></span> <span class='ocrx_word' id='word_1_337' title='bbox 479 3953 533 4000; x_wconf 77' lang='lat' dir='ltr'><strong>licet</strong></span> <span class='ocrx_word' id='word_1_338' title='bbox 543 3961 604 4000; x_wconf 84' lang='lat' dir='ltr'><strong>sorte</strong></span> <span class='ocrx_word' id='word_1_339' title='bbox 618 3963 643 4000; x_wconf 87' lang='lat' dir='ltr'><strong>et</strong></span> <span class='ocrx_word' id='word_1_340' title='bbox 659 3953 719 4000; x_wconf 85' lang='lat' dir='ltr'><strong>divi·</strong></span> <span class='ocrx_word' id='word_1_341' title='bbox 784 3951 824 3998; x_wconf 85' lang='lat' dir='ltr'><strong>st.</strong></span> <span class='ocrx_word' id='word_1_342' title='bbox 838 3949 879 3997; x_wconf 84' lang='lat' dir='ltr'><strong>Cn.</strong></span> <span class='ocrx_word' id='word_1_343' title='bbox 894 3939 1320 4017; x_wconf 71' lang='lat' dir='ltr'><strong>Domuum]Douritiuslllurcum81·</strong></span> 
     </span>
     <span class='ocr_line' id='line_1_41' title="bbox 151 4012 1322 4082; baseline -0.013 -16"><span class='ocrx_word' id='word_1_344' title='bbox 151 4018 213 4067; x_wconf 78' lang='lat' dir='ltr'><strong>nitus</strong></span> <span class='ocrx_word' id='word_1_345' title='bbox 223 4021 372 4073; x_wconf 83' lang='lat' dir='ltr'><strong>obvenirent,</strong></span> <span class='ocrx_word' id='word_1_346' title='bbox 389 4027 468 4066; x_wconf 87' lang='lat' dir='ltr'><strong>tumen</strong></span> <span class='ocrx_word' id='word_1_347' title='bbox 487 4019 647 4066; x_wconf 82' lang='lat' dir='ltr'><strong>riconsulibus</strong></span> <span class='ocrx_word' id='word_1_348' title='bbox 667 4027 692 4066; x_wconf 89' lang='lat' dir='ltr'><strong>et</strong></span> <span class='ocrx_word' id='word_1_349' title='bbox 706 4017 721 4064; x_wconf 79' lang='lat' dir='ltr'><strong>i</strong></span> <span class='ocrx_word' id='word_1_350' title='bbox 753 4018 832 4064; x_wconf 84' lang='lat' dir='ltr'><strong>lanum</strong></span> <span class='ocrx_word' id='word_1_351' title='bbox 844 4014 917 4061; x_wconf 85' lang='lat' dir='ltr'><strong>virum</strong></span> <span class='ocrx_word' id='word_1_352' title='bbox 927 4013 1072 4062; x_wconf 80' lang='lat' dir='ltr'><strong>consularem</strong></span> <span class='ocrx_word' id='word_1_353' title='bbox 1090 4015 1208 4082; x_wconf 59' lang='lat' dir='ltr'><strong>accusem}</strong></span> <span class='ocrx_word' id='word_1_354' title='bbox 1225 4012 1322 4080; x_wconf 77' lang='lat' dir='ltr'><strong>propter</strong></span> 
     </span>
     <span class='ocr_line' id='line_1_42' title="bbox 152 4073 1277 4148; baseline -0.014 -17"><span class='ocrx_word' id='word_1_355' title='bbox 152 4086 240 4147; x_wconf 89' lang='lat' dir='ltr'><strong>populo</strong></span> <span class='ocrx_word' id='word_1_356' title='bbox 251 4083 380 4148; x_wconf 68' lang='lat' dir='ltr'><strong>provincie</strong></span> <span class='ocrx_word' id='word_1_357' title='bbox 391 4082 584 4130; x_wconf 79' lang='lat' dir='ltr'><strong>decemebantur.</strong></span> <span class='ocrx_word' id='word_1_358' title='bbox 605 4113 608 4116; x_wconf 94' lang='lat'>-</span> <span class='ocrx_word' id='word_1_359' title='bbox 753 4080 893 4144; x_wconf 78' lang='lat' dir='ltr'><strong>Egritomari</strong></span> <span class='ocrx_word' id='word_1_360' title='bbox 904 4073 1052 4140; x_wconf 72' lang='lat' dir='ltr'><strong>&#39;liunsslpini</strong></span> <span class='ocrx_word' id='word_1_361' title='bbox 1065 4073 1161 4136; x_wconf 80' lang='lat' dir='ltr'><strong>hospitis</strong></span> <span class='ocrx_word' id='word_1_362' title='bbox 1173 4084 1277 4132; x_wconf 74' lang='lat' dir='ltr'><strong>rnJurras.</strong></span> 
     </span>
    </p>

    <p class='ocr_par' dir='ltr' id='par_1_6' title="bbox 155 4137 1329 4404">
     <span class='ocr_line' id='line_1_43' title="bbox 183 4137 1323 4211; baseline -0.007 -16"><span class='ocrx_word' id='word_1_363' title='bbox 183 4154 222 4197; x_wconf 77' lang='lat'><strong>14.</strong></span> <span class='ocrx_word' id='word_1_364' title='bbox 253 4148 392 4208; x_wconf 66' lang='lat' dir='ltr'><strong>Temporibus</strong></span> <span class='ocrx_word' id='word_1_365' title='bbox 416 4147 520 4210; x_wconf 76' lang='lat' dir='ltr'><strong>optimis]</strong></span> <span class='ocrx_word' id='word_1_366' title='bbox 549 4145 655 4194; x_wconf 77' lang='lat' dir='ltr'><strong>Hero‘ioc</strong></span> <span class='ocrx_word' id='word_1_367' title='bbox 681 4144 723 4192; x_wconf 70' lang='lat' dir='ltr'><strong>‘lla</strong></span> <span class='ocrx_word' id='word_1_368' title='bbox 790 4144 825 4192; x_wconf 89' lang='lat' dir='ltr'><strong>lb.</strong></span> <span class='ocrx_word' id='word_1_369' title='bbox 836 4144 901 4192; x_wconf 82' lang='lat' dir='ltr'><strong>Diem</strong></span> <span class='ocrx_word' id='word_1_370' title='bbox 912 4141 1008 4205; x_wconf 64' lang='lat' dir='ltr'><strong>duum]</strong></span> <span class='ocrx_word' id='word_1_371' title='bbox 1027 4140 1097 4187; x_wconf 88' lang='lat' dir='ltr'><strong>Diem</strong></span> <span class='ocrx_word' id='word_1_372' title='bbox 1106 4137 1193 4188; x_wconf 67' lang='lat' dir='ltr'><strong>dicere.</strong></span> <span class='ocrx_word' id='word_1_373' title='bbox 1213 4141 1238 4179; x_wconf 68' lang='lat' dir='ltr'><strong>‘l</strong></span> <span class='ocrx_word' id='word_1_374' title='bbox 1251 4148 1323 4211; x_wconf 61' lang='lat' dir='ltr'><strong>tefu-</strong></span> 
     </span>
     <span class='ocr_line' id='line_1_44' title="bbox 155 4200 1323 4276; baseline -0.012 -15"><span class='ocrx_word' id='word_1_375' title='bbox 155 4220 257 4276; x_wconf 77' lang='lat' dir='ltr'><strong>tcmpora</strong></span> <span class='ocrx_word' id='word_1_376' title='bbox 273 4213 373 4266; x_wconf 70' lang='lat' dir='ltr'><strong>indicat,</strong></span> <span class='ocrx_word' id='word_1_377' title='bbox 398 4213 481 4275; x_wconf 87' lang='lat' dir='ltr'><strong>quibus</strong></span> <span class='ocrx_word' id='word_1_378' title='bbox 504 4212 599 4275; x_wconf 74' lang='lat' dir='ltr'><strong>vigebat</strong></span> <span class='ocrx_word' id='word_1_379' title='bbox 620 4212 678 4259; x_wconf 84' lang='lat' dir='ltr'><strong>fides</strong></span> <span class='ocrx_word' id='word_1_380' title='bbox 698 4209 736 4274; x_wconf 35' lang='lat' dir='ltr'><strong>in,</strong></span> <span class='ocrx_word' id='word_1_381' title='bbox 754 4221 814 4265; x_wconf 83' lang='lat' dir='ltr'><strong>sure,</strong></span> <span class='ocrx_word' id='word_1_382' title='bbox 826 4207 1034 4258; x_wconf 61' lang='lat' dir='ltr'><strong>introeuntium,</strong></span> <span class='ocrx_word' id='word_1_383' title='bbox 1052 4200 1115 4265; x_wconf 84' lang='lat' dir='ltr'><strong>qudd</strong></span> <span class='ocrx_word' id='word_1_384' title='bbox 1125 4212 1323 4274; x_wconf 68' lang='lat' dir='ltr'><strong>pecusursprrva·</strong></span> 
     </span>
     <span class='ocr_line' id='line_1_45' title="bbox 158 4264 1329 4341; baseline -0.013 -15"><span class='ocrx_word' id='word_1_385' title='bbox 158 4274 249 4341; x_wconf 80' lang='lat' dir='ltr'><strong>Repub.</strong></span> <span class='ocrx_word' id='word_1_386' title='bbox 261 4287 287 4325; x_wconf 86' lang='lat' dir='ltr'><strong>et</strong></span> <span class='ocrx_word' id='word_1_387' title='bbox 298 4276 364 4324; x_wconf 78' lang='lat' dir='ltr'><strong>nulla</strong></span> <span class='ocrx_word' id='word_1_388' title='bbox 376 4276 412 4323; x_wconf 83' lang='lat' dir='ltr'><strong>ler</strong></span> <span class='ocrx_word' id='word_1_389' title='bbox 424 4285 473 4324; x_wconf 83' lang='lat' dir='ltr'><strong>erat</strong></span> <span class='ocrx_word' id='word_1_390' title='bbox 481 4278 557 4323; x_wconf 81' lang='lat' dir='ltr'><strong>adhuc</strong></span> <span class='ocrx_word' id='word_1_391' title='bbox 569 4277 676 4325; x_wconf 79' lang='lat' dir='ltr'><strong>instituta</strong></span> <span class='ocrx_word' id='word_1_392' title='bbox 692 4273 723 4322; x_wconf 87' lang='lat' dir='ltr'><strong>de</strong></span> <span class='ocrx_word' id='word_1_393' title='bbox 756 4284 830 4322; x_wconf 90' lang='lat' dir='ltr'><strong>torum</strong></span> <span class='ocrx_word' id='word_1_394' title='bbox 839 4275 957 4320; x_wconf 89' lang='lat' dir='ltr'><strong>hominum</strong></span> <span class='ocrx_word' id='word_1_395' title='bbox 969 4271 1014 4324; x_wconf 86' lang='lat' dir='ltr'><strong>sit;</strong></span> <span class='ocrx_word' id='word_1_396' title='bbox 1031 4268 1093 4312; x_wconf 88' lang='lat' dir='ltr'><strong>diem</strong></span> <span class='ocrx_word' id='word_1_397' title='bbox 1108 4264 1187 4310; x_wconf 75' lang='lat' dir='ltr'><strong>dicere</strong></span> <span class='ocrx_word' id='word_1_398' title='bbox 1205 4266 1329 4331; x_wconf 70' lang='lat' dir='ltr'><strong>magistra·</strong></span> 
     </span>
     <span class='ocr_line' id='line_1_46' title="bbox 159 4319 1283 4404; baseline -0.013 -16"><span class='ocrx_word' id='word_1_399' title='bbox 159 4343 299 4404; x_wconf 76' lang='lat' dir='ltr'><strong>repetundis.</strong></span> <span class='ocrx_word' id='word_1_400' title='bbox 757 4349 831 4394; x_wconf 83' lang='lat' dir='ltr'><strong>tuum,</strong></span> <span class='ocrx_word' id='word_1_401' title='bbox 842 4347 868 4385; x_wconf 89' lang='lat' dir='ltr'><strong>ut</strong></span> <span class='ocrx_word' id='word_1_402' title='bbox 879 4337 958 4384; x_wconf 82' lang='lat' dir='ltr'><strong>videre</strong></span> <span class='ocrx_word' id='word_1_403' title='bbox 967 4335 1023 4381; x_wconf 86' lang='lat' dir='ltr'><strong>licet</strong></span> <span class='ocrx_word' id='word_1_404' title='bbox 1033 4331 1120 4394; x_wconf 80' lang='lat' dir='ltr'><strong>ubique</strong></span> <span class='ocrx_word' id='word_1_405' title='bbox 1131 4328 1195 4392; x_wconf 82' lang='lat' dir='ltr'><strong>apud</strong></span> <span class='ocrx_word' id='word_1_406' title='bbox 1206 4319 1283 4394; x_wconf 51' lang='lat' dir='ltr'><strong>Cicer.</strong></span> 
     </span>
    </p>
   </div>
   <div class='ocr_carea' id='block_1_5' title="bbox 0 0 1531 4959">
    <p class='ocr_par' dir='ltr' id='par_1_7' title="bbox 0 0 1531 4959">
     <span class='ocr_line' id='line_1_47' title="bbox 0 0 1531 4959; baseline 0 0"><span class='ocrx_word' id='word_1_407' title='bbox 0 0 1531 4959; x_wconf 95' lang='lat' dir='ltr'><strong> </strong></span> 
     </span>
    </p>
   </div>
  </div>
 </body>
</html>
