2959 4959
151 343 196 401 80
302 379 306 386 ·
547 330 643 399 PRO
666 331 793 399 LEGE
816 331 1037 401 MANILIA.

207 468 240 525 et
254 459 416 547 Tigrane3
438 481 572 549 quorum
588 459 668 523 alter
682 458 820 537 relictus,
832 460 911 525 aiter
925 460 1096 539 lacessitus,
1108 463 1303 528 occasionem
1316 456 1382 524 sibi

154 541 175 614 .5
207 545 250 612 ad
263 546 480 634 occupandam
496 545 603 610 Asiam
619 545 757 610 oblatam
774 567 841 610 esse
855 547 1038 611 arbitratur.
1073 547 1240 647 Equitibus
1256 547 1383 611 Roma·
1422 601 1425 610 ,

128 660 132 680 ·
207 633 268 711 nis,
284 630 508 698 honestissimis
519 630 603 707 viris,
614 630 789 695 afferuntur
800 653 840 694 ex
852 631 931 696 Asia
942 633 1083 718 quotidie
1094 633 1204 711 literae,
1219 633 1383 720 “quomm

208 740 335 806 magnae
349 740 398 782 res
407 730 553 802 aguntur,
564 717 596 779 in
609 716 718 780 vestris
730 717 810 781 vecti
853 716 934 783 libus
945 719 1129 781 exercendis
1140 731 1312 804 occupatae,
1322 714 1384 803 qui

209 804 251 870 ad
265 826 327 881 me,
348 825 407 888 pro
430 801 659 866 necessitudine
684 824 755 887 quae
775 825 818 866 mr
844 803 854 867 i
876 819 923 866 est
947 825 1019 867 cum
1036 801 1091 868 itto
1106 804 1230 883 ordine,
1251 821 1385 867 causam

210 889 402 975 reipublicae,
414 886 615 972 periculaque
627 909 731 952 rerum
744 910 883 966 suarum,
896 888 1077 953 detulerunt
1088 913 1096 951 ε
1106 892 1109 898 ’
1121 888 1295 976 Bithyniae,
1307 908 1385 974 quoe

158 970 199 1027 10
210 997 297 1042 nunc
310 987 413 1037 vestra
426 974 589 1057 provincia
603 985 658 1048 eat,
683 973 768 1037 vicos
790 987 918 1039 exustos
939 979 1006 1039 ess'e
1020 973 1218 1059 complures:
1243 993 1384 1061 regnum

211 1058 447 1134 Ariobarzanis,
472 1056 558 1143 quod
577 1056 750 1124 finitimum
775 1072 823 1124 est
841 1063 949 1125 reatris
964 1059 1177 1147 uectigalibus,
1194 1073 1297 1125 totum
1314 1079 1386 1122 esse

210 1144 397 1210 inhoatium
436 1155 585 1208 otestute:
608 1143 791 1223 Lucullum,
807 1148 931 1232 maguis
944 1147 1039 1211 rebus
1052 1145 1158 1230 gestis,
1175 1145 1215 1222 ab
1230 1167 1270 1209 eo
1296 1141 1386 1208 bello

210 1229 389 1295 discedere:
411 1165 491 1292 huic
506 1229 560 1315 qui
586 1230 778 1307 successerit,
794 1252 860 1294 non
872 1233 945 1296 satis
959 1254 1026 1296 esse
1040 1243 1183 1315 paratum
1199 1230 1240 1294 ad
1255 1242 1388 1293 tantum

211 1315 330 1380 bellum
344 1312 648 1380 administrandum:
672 1337 771 1379 unum
786 1318 827 1379 ab
841 1319 989 1382 omuibus
1004 1317 1096 1379 sociis
1111 1329 1143 1379 et
1156 1315 1275 1380 civibus
1289 1315 1333 1378 ad
1350 1311 1388 1377 id

159 1394 198 1453 15
212 1399 330 1466 bellum
344 1401 566 1484 imperatorem
580 1399 715 1484 'deposci
726 1413 820 1487 atque
832 1404 936 1487 expeti
950 1426 958 1479 3
970 1400 1118 1467 eumdem
1129 1402 1214 1466 hunc
1225 1422 1325 1464 unum
1342 1398 1388 1462 ab

159 1523 164 1528 ·
211 1486 354 1552 hostibus
369 1485 476 1561 metui,
492 1483 668 1569 ‘praterea
683 1486 854 1550 nerninem.

252 1764 391 1858 ‘qtorttm
404 1770 439 1830 de
452 1771 559 1851 ma'gnir
572 1771 667 1853 opibus
685 1772 792 1852 o‘gitur,
816 1790 878 1849 quae
891 1743 1032 1831 collocate
1041 1773 1168 1850 fiteruat
1181 1770 1211 1829 in
1224 1763 1392 1848 colligendis

211 1854 310 1916 'mim
323 1846 443 1909 indtttta.
483 1855 608 1931 ‘prester'
620 1851 702 1911 dunc.

247 2197 272 2248 4,
304 2196 483 2260 discruciatae]
516 2195 676 2251 Mithridates,
692 2197 784 2259 ingenti
814 2210 939 2257 curamque
960 2210 1053 2241 omnem
1075 2193 1204 2242 tabuiamm
1228 2200 1254 2240 et
1270 2191 1394 2240 ratianum

214 2256 284 2322 clade
294 2258 461 2321 acceperam
467 2260 524 2307 nihii
531 2261 625 2323 propius
633 2269 704 2317 esset,
712 2261 783 2323 quim
813 2260 1004 2322 suscipereque
1020 2259 1123 2321 undique
1134 2260 1164 2306 ab
1173 2258 1233 2312 aliis,
1250 2257 1291 2320 qui
1311 2255 1394 2319 publi·

216 2327 242 2367 ut
257 2322 404 2383 caperetur&
418 2323 688 2380 Lucullo,desertuaest
707 2325 784 2374 Causa
815 2337 925 2371 canorum
941 2324 1048 2372 amietati
1058 2339 1154 2388 operam
1171 2323 1266 2376 dabant,
1285 2319 1393 2368 Romam

211 2382 259 2434 tuit
269 2385 367 2440 miiitum
377 2388 482 2444 avaritia,
501 2389 543 2452 qui
553 2389 681 2453 fugientem
692 2389 785 2453 insequi
817 2389 968 2438 mitterentur.
1008 2387 1056 2435 Hic
1076 2387 1143 2452 porris
1157 2388 1285 2450 quemdam
1306 2386 1395 2433 habait

214 2447 348 2507 noluerunt,
359 2454 402 2500 sed
417 2452 486 2502 aride
498 2470 524 2501 se
536 2453 683 2516 projecerunt
697 2455 722 2502 in
731 2457 783 2502 the·
815 2469 857 2517 pro
869 2454 977 2515 magistro
987 2453 1012 2499 in
1024 2453 1151 2515 provincii,
1162 2451 1228 2516 quasi
1239 2451 1275 2499 aui
1288 2451 1393 2499 muueris

215 2528 303 2586 sauros,
319 2532 378 2580 quos
394 2518 425 2564 de
441 2518 556 2567 industrii
572 2518 662 2566 effundi
673 2536 715 2582 per
734 2520 784 2568 rias
815 2518 936 2574 sicarium,
947 2527 972 2565 et
981 2519 1099 2566 societatis
1108 2518 1252 2581 praeiecturu,
1269 2518 1300 2563 ad
1317 2530 1391 2579 quem

211 2587 323 2641 Jusaerat,
338 2588 371 2637 ut,
391 2583 447 2632 duur
463 2584 548 2646 prada
565 2590 683 2639 vacarem,
701 2585 731 2634 ad
746 2585 787 2632 Ti·
818 2583 858 2630 aiii
870 2582 948 2630 literas
960 2583 1049 2632 darent.

215 2657 313 2706 manem
323 2662 427 2695 socerum
437 2663 505 2695 sunus
514 2649 665 2712 confugiendi
674 2649 720 2697 sibi
729 2658 787 2697 teru-
852 2651 875 2695 8.
893 2647 949 2694 Cuas
969 2650 1008 2695 itta
1028 2647 1123 2709 ordine]
1149 2646 1186 2694 Ea
1208 2645 1290 2692 ordine
1305 2659 1393 2706 eques·

215 2722 261 2772 pus
272 2718 342 2759 esset.
818 2713 849 2760 tri
859 2712 943 2761 Cicero
959 2713 1012 2768 fuit,
1023 2729 1093 2774 quem
1108 2713 1147 2759 iile
1158 2710 1248 2765 consui,
1262 2718 1288 2756 ut
1299 2709 1392 2756 Plinius

251 2772 287 2822 Ib.
314 2777 378 2824 diter
392 2777 520 2840 uceticae]
542 2776 666 2840 Tigranem
677 2777 788 2826 Lucuiius
820 2777 859 2825 lib.
871 2781 911 2826 33.
922 2778 1007 2831 scribit,
1017 2778 1106 2826 senatui
1116 2776 1272 2828 conciliando,
1286 2782 1354 2822 etex
1364 2787 1393 2821 eo

217 2842 363 2901 provocavit,
383 2839 436 2889 etim
458 2842 549 2890 tradem
573 2842 736 2892 Mithridatem
753 2859 788 2891 re·
820 2842 987 2890 ordineorturu
1003 2859 1028 2890 se
1049 2841 1206 2903 praedicando,
1226 2839 1324 2887 maxime
1345 2846 1394 2886 sta·

217 2903 338 2962 uastaret,
359 2913 385 2953 et
407 2908 441 2954 ita
456 2908 601 2972 provocavit,
619 2916 652 2962 ut,
676 2908 789 2970 Tigrano·
821 2907 903 2953 bitivit.
1182 2906 1185 2916 “

218 2967 283 3013 certi
304 2971 361 3016 urbe
382 2968 434 3032 ejus
453 2971 517 3030 regit
536 2972 659 3035 occupatis,
682 2972 789 3034 ingentes
854 2973 876 3017 9.
894 2969 1024 3032 Bithunia]
1059 2970 1172 3034 Bithynia
1181 2968 1244 3016 Asiae
1252 2967 1345 3016 raineris
1357 2973 1393 3015 est

219 3030 272 3093 ejus
291 3034 372 3095 copias
390 3035 463 3097 parri
482 3051 551 3082 manu
570 3037 604 3083 bis
616 3036 789 3098 profligaverit3
820 3035 884 3096 regio
896 3036 926 3080 ad
938 3033 1039 3080 Pontum
1050 3034 1103 3090 sita,
1118 3033 1223 3081 Thraciae
1242 3034 1351 3089 adversa,
1369 3037 1393 3078 et

218 3095 293 3160 quare
310 3113 384 3146 rerum
400 3115 491 3145 auarum
508 3101 671 3162 desperatione
686 3108 790 3152 coactus,
821 3096 907 3145 Troadi
918 3097 1023 3146 finitima.

219 3160 300 3210 relicto
311 3162 459 3219 Mithridate,
469 3163 549 3227 sugere
560 3166 586 3210 in
600 3170 725 3210 extremam
743 3163 788 3210 Ar·
853 3162 890 3209 ΙΙ).
909 3161 963 3216 Qua
982 3178 1042 3210 nunc
1057 3161 1148 3225 oestrn]
1182 3160 1250 3208 Illius
1269 3159 1391 3222 Bithyniae

220 3227 322 3274 menium
332 3227 465 3290 compulsus
477 3236 521 3275 eat.
820 3242 860 3274 rex
876 3228 921 3274 suit
932 3226 1083 3283 Nicomedes,
1094 3224 1228 3288 equarum
1239 3224 1319 3288 pulsus
1334 3224 1392 3271 suis·

254 3293 278 3340 5.
312 3291 465 3354 wamma
489 3290 584 3355 Asiam]
639 3289 788 3338 Provinciam
821 3291 881 3338 aeti
901 3291 1084 3346 Mithridatc,in
1102 3292 1165 3338 idem
1183 3305 1249 3336 suum
1263 3287 1391 3350 regnum&

150 3377 164 3398 t
219 3352 293 3409 iliata,
305 3357 334 3403 ab
351 3357 418 3404 annia
430 3359 485 3408 13⁷,
502 3355 624 3403 Cornelius
641 3354 721 3418 Scipio
736 3355 788 3403 Ro·
821 3355 887 3419 Sylla
897 3357 1014 3403 restitutus
1024 3363 1069 3403 est.
1103 3355 1151 3402 Sed
1162 3356 1257 3402 dentum
1268 3353 1308 3399 ille
1317 3350 1389 3415 paulo

219 3415 302 3465 mano‘
311 3419 409 3483 imperio
435 3421 582 3483 adjunxerat,
601 3419 720 3468 Antiocho
732 3435 791 3484 rege
823 3419 879 3482 prist
889 3420 988 3467 moriens
998 3419 1112 3484 populum
1129 3419 1262 3467 Romanum
1280 3415 1392 3479 suiregui

220 3481 348 3530 debellato.
823 3486 940 3531 haeredem
951 3485 1052 3548 reliquit,
1066 3484 1130 3548 quod
1141 3485 1155 3531 ri
1170 3482 1290 3547 republicis
1300 3481 1325 3528 iu
1339 3497 1392 3545 pro-

254 3546 291 3593 Ib.
329 3545 573 3611 EquitihaermmtiaJ
607 3547 792 3596 Pubiicnnosin·¹
823 3549 1191 3597 vinciraiormamredactumest.

139 3607 144 3616 ¹
220 3610 314 3674 telligit,
333 3612 375 3674 qui
393 3628 421 3660 cx
443 3628 528 3676 genere
552 3612 653 3676 equestri
670 3620 746 3668 erant,
766 3621 792 3661 ut
857 3619 895 3661 1u.
925 3613 1040 3663 Provincia
1057 3614 1109 3677 est]
1152 3610 1275 3660 Provincia
1295 3609 1403 3672 sumitur·

222 3689 252 3722 ex
269 3676 402 3726 testimonio
419 3677 539 3726 Ciceronis
559 3685 626 3742 patet
644 3678 668 3724 in
687 3678 792 3726 oratioue
823 3680 965 3741 quandoque
976 3695 1017 3742 pro
1028 3679 1132 3742 regione,
1141 3693 1210 3740 quam
1220 3682 1260 3722 aut
1270 3673 1340 3721 armis
1350 3674 1394 3722 de·

222 3754 266 3802 pro
277 3740 397 3789 Postumo.
431 3742 514 3789 Curius
530 3745 629 3805 princeps
645 3745 793 3805 spintriam·
823 3743 917 3798 victam,
928 3753 968 3790 aut
980 3757 1128 3807 quocumque
1140 3740 1239 3788 modain
1251 3746 1393 3801 potestatem

221 3805 288 3862 diuis,
307 3805 443 3869 fortissimas
469 3814 490 3854 et
519 3808 626 3854 mucimus
655 3808 794 3869 publicanus.
823 3807 957 3862 adductam,
974 3808 1025 3871 ipse
1042 3807 1124 3872 populi
1148 3801 1249 3854 Romani
1268 3805 1393 3867 imperator

224 3869 396 3918 Conducebant
414 3879 492 3918 autem
509 3870 542 3918 iili
559 3870 661 3931 quastus
677 3872 712 3918 sui
723 3872 795 3918 must
824 3873 1000 3920 administrarit

223 3935 319 3998 publica
333 3935 457 3999 vectigalia
467 3935 550 3998 populi
562 3934 693 3983 Romanii
711 3949 794 3982 censo·
858 3935 895 3983 Ib.
912 3936 1013 4000 Regum
1029 3932 1201 3996 Ariobarzanis]
1234 3931 1392 3995 Cappadocia

222 4000 286 4047 ribus
303 3999 327 4047 in
341 4000 400 4056 foro,
410 4001 473 4048 certh
490 4017 516 4047 sc
526 3999 665 4063 *obligantes
683 3999 794 4061 perunit,
825 4016 864 4048 rex
882 4000 923 4048 itte
937 4001 1057 4063 suit,pop.
1076 3999 1145 4046 Rom.
1168 3996 1265 4054 amicus,
1279 3998 1319 4060 qui
1335 3996 1394 4044 terri

221 4079 295 4126 quam
311 4064 462 4128 quaestoribus
479 4064 571 4112 rubauis
588 4064 793 4128 repraesentabant.
825 4064 964 4113 Mithridate
985 4079 1055 4128 regno
1077 4064 1162 4111 cedere
1185 4071 1289 4116 coactus,
1310 4060 1394 4107 auu·

222 4128 409 4178 aoeietaunttti
418 4125 582 4183 conficieba'nt,
592 4131 630 4177 cui
637 4129 677 4191 qui
687 4137 793 4189 praeerat,
824 4129 886 4177 culto
903 4129 939 4177 bis
955 4138 980 4177 et
991 4127 1093 4184 tertidm,
1104 4127 1205 4175 devictis
1219 4125 1358 4174 Mithridate
1368 4131 1392 4172 et

215 4190 340 4256 Magister
350 4194 467 4243 societatis
483 4194 602 4255 dicebatur
614 4210 620 4250 ;
632 4191 704 4255 peusis
721 4207 792 4255 quem
824 4192 934 4255 Tigrane,
942 4192 967 4240 in
977 4194 1040 4242 idem
1050 4193 1142 4242 suumri
1152 4191 1267 4255 Pompeio
1275 4189 1392 4238 restitutas

224 4264 283 4311 erat,
302 4259 370 4321 quasi
386 4259 501 4308 sociorum
525 4257 666 4320 reliquorum
685 4265 792 4304 senatum
824 4264 868 4305 est.

223 4334 317 4383 cogere,
326 4324 409 4382 adeos
419 4325 503 4373 reterre
515 4323 546 4371 de
554 4322 672 4371 societatis
683 4322 793 4384 machia,
