2959 4959
157 347 199 406 46
558 331 654 397 PRO
676 330 805 397 LEGE
828 329 1048 396 MANILIA.

213 486 272 549 per
294 463 391 529 bosuc
411 486 513 528 annos
534 462 639 526 dicam
663 460 768 536 fuisse,
792 457 864 523 crim
881 459 1039 523 exercitus
1054 455 1190 522 nustria
1211 455 1385 522 Brundisio

212 572 392 637 nunquam,
408 552 467 613 nisi
483 545 607 612 summit
622 546 735 623 bieme,
759 545 1036 609 ‘transmiserintP
1059 544 1159 622 Quid,
1185 543 1226 608 ad
1240 541 1384 607 noscrlm

216 635 257 700 ab
273 637 389 701 exteris
405 635 587 699 nationibus
602 632 757 709 venirent,
784 647 894 717 captos
917 654 1043 718 querar,
1068 630 1140 694 calm
1156 631 1250 718 legati
1274 626 1385 713 populi

142 727 204 784 to
219 722 360 786 Romani
375 720 530 804 redempti
545 717 631 784 sint?
653 720 883 783 mercatoribus
898 730 999 782 tutum
1020 738 1109 781 mare
1131 740 1197 780 non
1221 716 1313 780 fuisse
1338 715 1386 777 di·

216 807 385 886 cam-crint
401 806 570 870 duodecim
593 804 734 869 ‘secures
750 804 782 867 in
807 805 996 890 praedonum
1022 815 1212 889 potestatem
1236 822 1387 889 perrene-

217 893 306 958 rint?
349 891 436 967 Quid
463 908 519 956 aut
545 890 769 982 Colophonem
795 903 850 954 sut
875 893 1017 965 Samum,
1045 889 1258 953 nobilissimas
1284 886 1387 960 urbes,

216 973 525 1064 innumerabilesque
550 977 637 1054 alias,
668 988 776 1061 captas
804 1000 870 1041 esse
895 997 1152 1051 commemorem,
1176 974 1248 1038 crim
1271 992 1388 1037 vestros

162 1087 166 1096 ·
215 1077 339 1149 portus,
353 1076 448 1150 atque
459 1067 513 1127 eos
533 1076 643 1149 partus
663 1063 797 1149 gquibus
809 1064 904 1127 vitam
917 1061 1103 1148 etspiritum
1116 1061 1240 1138 ducitis,
1264 1063 1296 1123 in
1310 1079 1390 1145 prae-

160 1158 203 1215 45
216 1150 337 1213 donum
352 1147 447 1213 fuisse
461 1161 617 1235 potestate
631 1147 757 1213 sciatis?
780 1151 832 1213 An
849 1148 923 1213 verb
939 1150 1102 1237 ignoratio,
1125 1162 1252 1232 portum
1271 1147 1391 1209 Caietae

213 1234 466 1313 celeberrimum,
489 1252 584 1322 atque
597 1236 814 1321 plenissimum
831 1236 971 1311 navium,
993 1236 1188 1319 inspectante
1203 1245 1351 1317 praetore,
1373 1225 1393 1291 a

214 1320 423 1406 praedonibus
445 1345 511 1386 esse
530 1318 715 1406 direptum?
736 1343 779 1384 ex
806 1320 934 1386 Miseno
959 1335 1075 1396 autern,
1099 1320 1165 1405 ejus
1189 1319 1287 1404 ipsius
1312 1318 1393 1380 libe-

216 1429 279 1484 ros,
302 1408 356 1494 qui
372 1430 444 1472 curn
461 1407 666 1493 praedonibus
680 1406 775 1470 antei
789 1407 833 1470 ibi
848 1408 966 1472 bellum
981 1417 1130 1494 gesserat,
1152 1402 1394 1490 apraedonibus

216 1516 286 1557 esse
297 1492 460 1558 sublatos?
484 1494 568 1558 Nam
581 1493 656 1579 quid
667 1515 728 1578 ego
738 1492 888 1559 Ostiense
908 1492 1181 1567 hincommodum,
1198 1503 1293 1576 atque
1303 1488 1394 1551 illam

164 1588 206 1645 50
219 1578 323 1643 labem
338 1592 434 1667 atque
453 1580 663 1666 ignominiam
687 1579 873 1662 reipublicae
891 1602 1015 1667 querar,
1031 1577 1113 1656 curn,
1140 1573 1243 1662 propi:
1269 1576 1394 1659 inspec-

220 1665 360 1729 tantibus
379 1666 480 1741 vobis,
502 1666 609 1731 classis
631 1688 678 1743 ea,
702 1666 753 1729 cui
776 1667 888 1731 consul
910 1666 1021 1751 populi
1046 1663 1185 1729 Romani
1206 1661 1396 1748 praepositus

219 1764 310 1829 esset,
327 1748 666 1837 bproedonibuscapta
683 1764 779 1838 atque
788 1775 939 1838 oppressa
947 1749 1018 1815 est?
1050 1750 1114 1814 Pro
1125 1749 1171 1812 dii
1183 1745 1395 1811 immortales!

220 1847 401 1902 tantam-ne
418 1839 512 1902 unius
535 1839 674 1902 hominis
697 1838 892 1903 incredibilis
917 1860 953 1903 ac
977 1836 1086 1901 diviua
1111 1835 1210 1900 virtus
1235 1845 1298 1897 tarn
1321 1832 1399 1896 bre·

221 1923 253 1987 ri
279 1937 422 2009 ternpore
446 1925 547 1989 lucem
572 1924 686 1989 afferre
714 1923 898 2008 reipublicae
923 1925 1039 2009 potuit,
1066 1936 1101 1985 ut
1125 1945 1191 1997 ros,
1221 1919 1274 2006 qui
1296 1914 1395 1981 modb

166 2020 209 2081 55
223 2020 297 2073 ante
319 2009 657 2074 ‘ostiumTiberinnm
674 2008 806 2073 classem
821 2011 959 2074 hostium
983 2007 1147 2084 videbatis,
1171 2007 1195 2069 ii
1216 2027 1302 2068 nunc
1325 2001 1396 2066 nul-

139 2167 144 2178 *
222 2091 386 2158 lamintra
408 2096 531 2158 Oceani
558 2096 673 2159 ostium
699 2094 888 2178 praedonum
910 2115 1023 2156 narem
1046 2115 1112 2155 esse
1133 2089 1292 2154 audiatis?
1338 2090 1397 2151 At·

222 2201 285 2266 que
299 2179 368 2243 haec
382 2178 445 2266 quis
459 2180 620 2244 celeritate
633 2192 722 2265 gesta
736 2179 801 2242 sint
815 2199 1007 2266 quamquam
1021 2177 1145 2252 videtis,
1169 2187 1275 2238 tamen
1301 2171 1331 2236 a·
1346 2194 1398 2236 me

262 2381 450 2469 {tmasieriat
463 2402 549 2440 arare.
642 2382 711 2442 ‘duo
720 2394 859 2465 praetores
873 2403 934 2441 cum
947 2381 1105 2462 insignibus
1117 2378 1185 2438 suis.
1265 2388 1339 2446 >teus
1353 2397 1397 2436 res

223 2459 322 2549 qualus
333 2460 390 2551 uita
404 2461 559 2599 ⁶thssng
572 2463 739 2523 continetur.
811 2462 1027 2542 hdireptionem.
1072 2458 1156 2518 *ante
1164 2466 1284 2538 portum
1297 2455 1395 2526 Ostia,

224 2557 273 2618 qut
286 2547 370 2598 aran
384 2548 454 2599 ostro
499 2560 576 2599 tres.

249 2786 298 2832 ³7.
316 2782 454 2849 Bassidina]
487 2783 640 2834 Brundisium
651 2785 734 2835 civitas
744 2785 794 2835 Ita-
860 2784 894 2833 Tu
904 2801 985 2848 ortoque
996 2783 1096 2832 litoribus
1107 2786 1195 2838 neutris,
1208 2779 1288 2828 AEne'iu
1296 2781 1381 2835 nutris,

226 2847 264 2895 lis
286 2848 311 2895 in
332 2847 450 2906 Calabria,
473 2858 541 2914 portu
558 2851 651 2907 nubilis,
679 2853 742 2900 unde
769 2852 794 2900 in
859 2851 973 2899 AEternum
983 2848 1176 2912 morienstnmm,
1189 2846 1372 2902 catumeum.

226 2910 343 2960 Greciarn
365 2915 485 2977 trajicitur,
506 2924 531 2963 et
550 2916 613 2963 unde
634 2916 705 2966 solrit
724 2917 794 2965 Pom·
863 2935 868 2950 ¹
1374 2911 1377 2924 ⁵

226 2977 303 3038 peius,
325 2987 406 3027 contra
428 2981 513 3043 piratas
534 2981 644 3029 ducturus
659 2983 795 3030 exercitum.
859 2982 899 3028 46.
921 2978 1174 3041 laspectrortepratare]
1192 2976 1252 3032 Quis
1268 2973 1340 3022 suerit
1357 2970 1395 3019 ille

227 3040 297 3090 Hanc
319 3058 382 3092 orant
404 3046 466 3093 circa
487 3033 639 3093 Brundisium
661 3047 797 3094 invaserant
827 3052 921 3107 praetor,
936 3052 1124 3091 noncoastatex
1137 3042 1277 3094 auctoribus,
1295 3038 1396 3088 uisitar-

225 3107 315 3171 piralae.
828 3109 889 3156 tasse
901 3109 931 3156 sit
942 3109 979 3156 M.
990 3107 1118 3164 Antonius,
1127 3108 1177 3172 qui,
1188 3117 1243 3153 ante
1255 3104 1394 3167 Pompeium

260 3176 300 3222 tt.
316 3172 553 3235 Duodecimum]
577 3171 683 3238 Insignis
694 3174 798 3237 diguita-
830 3173 1115 3227 adbocbcllururnissns.
1133 3171 1234 3234 pessime
1250 3187 1297 3217 reru
1318 3168 1397 3233 gessit,

227 3237 259 3284 tis
270 3254 312 3300 pro
323 3239 380 3301 ipsis
398 3239 533 3301 praetoribus
551 3239 635 3300 pouit,
653 3239 689 3287 illi
702 3240 797 3287 suerunt
828 3249 853 3287 ct
872 3239 960 3287 ibidem
981 3238 1060 3301 periit.
1099 3237 1170 3286 Certe
1193 3235 1273 3283 Florus
1290 3235 1315 3282 iu
1332 3233 1397 3296 Epa.

229 3303 338 3350 Sextilius
359 3312 384 3350 et
403 3302 504 3358 Bilinus,
526 3302 566 3364 qui
586 3319 638 3351 curn
659 3304 706 3352 snis
724 3304 797 3368 insig·
827 3304 909 3352 scribit
927 3304 999 3351 tiliam
1019 3303 1105 3366 ejusd
1132 3300 1281 3367 predonibus
1306 3309 1396 3363 raptam

228 3366 296 3412 uibus
316 3373 340 3413 et
359 3366 478 3415 lictoribus
491 3367 588 3415 abducti
607 3369 691 3417 suntsi
708 3370 798 3432 piratis,
827 3368 908 3416 fuisse.

228 3435 256 3475 ut
274 3429 307 3476 alt
324 3429 474 3490 Plutarchus;
496 3431 596 3494 quilibet
614 3441 692 3482 autent
713 3444 798 3496 praetur
862 3437 901 3480 47.
926 3431 1031 3496 Misera]
1056 3430 1177 3479 Misenum
1195 3428 1271 3476 Italia
1290 3442 1396 3492 promou-

228 3508 270 3569 sex
280 3492 485 3543 lictoresbabebat
495 3504 558 3543 extra
576 3496 674 3554 Urbem,
684 3501 724 3563 qui
738 3517 796 3564 prae-
829 3499 912 3545 tarium
930 3506 974 3552 est,
989 3498 1019 3545 ab
1035 3497 1121 3544 AEness
1134 3495 1221 3544 comite
1238 3495 1271 3542 sic
1291 3491 1397 3557 appella·
1439 3541 1441 3545 ,

228 3566 301 3605 nent:
321 3559 346 3605 in
359 3558 423 3609 Urbe
434 3577 489 3609 vero
500 3559 591 3610 tannim
601 3564 676 3613 fasces
685 3565 797 3628 praesere-
829 3572 886 3610 tum.
920 3563 987 3625 Virg.
995 3566 1019 3610 6.
1031 3561 1131 3609 AEnei'd.

219 3623 321 3670 ‘hunino
616 3647 620 3651 ’
862 3630 902 3676 49.
929 3626 1022 3675 Ostieme
1040 3625 1217 3701 immanissima]
1247 3622 1317 3670 Ostia
1344 3620 1397 3668 urbs

262 3691 301 3736 42.
321 3686 482 3753 coaptarem]
507 3689 632 3756 Colophon
652 3693 705 3742 urbs
724 3691 799 3741 Ionias
831 3692 876 3740 tuit
891 3693 989 3741 condita
1004 3693 1033 3739 ab
1053 3692 1122 3738 Anco
1137 3691 1228 3738 Marcio
1246 3701 1301 3751 rege
1318 3684 1343 3734 in
1361 3702 1396 3733 os·

229 3750 439 3802 celeberrimesuis
450 3754 578 3818 equitibus.
832 3757 871 3805 tiis
888 3757 1014 3806 Tiberinis.
1052 3757 1128 3804 Tanta
1147 3755 1192 3803 suit
1211 3753 1336 3818 piratarum
1357 3757 1396 3799 a'u·

262 3815 299 3865 lb.
316 3817 483 3884 sammaa]
501 3820 563 3870 Urbs
580 3821 686 3885 ejusdem
705 3823 800 3886 proriu-
833 3822 911 3879 dacia,
927 3823 993 3870 utsd
1005 3837 1056 3870 eam
1067 3823 1148 3869 urbem
1158 3819 1300 3884 appulerint,
1317 3816 1397 3880 ibique

230 3879 281 3931 cite.
833 3886 993 3936 Reimanorum
1012 3901 1085 3935 nares
1101 3884 1256 3941 incenderint,
1275 3882 1398 3944 omniaque

262 3951 302 3996 44.
324 3946 452 4014 Spiritum]
478 3949 551 3998 Nulla
566 3949 616 4014 jara
634 3951 798 4000 frumentacii
830 3952 983 4018 diripuerint:
994 3950 1073 4007 inraso,
1084 3951 1152 4014 quusi
1160 3949 1190 3998 de
1198 3950 1274 3998 reditu
1281 3945 1397 4009 noscom-

229 4011 297 4069 Asta,
308 4010 398 4070 Antea,
415 4013 505 4072 steina,
525 4025 550 4064 et
561 4015 678 4073 Ssrdinil,
695 4015 799 4065 Romam
830 4026 915 4075 tarent,
932 4017 965 4066 ibi
979 4018 1136 4070 morabantur,
1154 4023 1179 4064 et
1188 4030 1270 4062 ornnes
1281 4028 1340 4077 quos
1350 4025 1397 4057 noa

229 4078 399 4127 afferebantur:
424 4080 483 4128 sicut
502 4087 528 4128 et
548 4080 594 4128 alle
610 4082 636 4128 id
656 4098 728 4144 genus
746 4098 798 4146 quo
830 4083 973 4140 occiderant,
1001 4082 1153 4143 predamque
1174 4080 1314 4135 universam,
1340 4085 1398 4123 tuo·

230 4144 263 4191 ad
274 4145 345 4191 vitem
356 4144 474 4207 pertlnent
483 4146 675 4194 commandens.
832 4162 902 4212 quarn
912 4148 936 4194 ia
950 4146 992 4195 sub
1001 4146 1107 4203 civitate,
1124 4146 1292 4209 deposuerunt.
1311 4140 1351 4189 De
1361 4140 1396 4189 bis

164 4227 167 4234 ·
263 4209 303 4256 45.
323 4207 421 4284 Caieta]
439 4208 522 4259 Caieta
541 4219 622 4273 portus
638 4219 676 4259 est
692 4209 800 4261 incam-
832 4213 888 4260 vide
906 4210 1018 4268 Dionem,
1039 4211 1081 4262 lib.
1094 4213 1133 4259 26.

232 4272 314 4334 panib,
331 4273 443 4324 dnutnce
455 4275 681 4332 AEneaesicdictus,
699 4277 800 4339 quisibl
864 4279 905 4326 51.
934 4276 1014 4325 Caura!
1032 4293 1082 4340 pop.
1104 4273 1183 4340 Rem]
1217 4265 1285 4321 Nihil
1309 4270 1340 4319 de
1358 4266 1398 4317 ille

232 4336 327 4400 sepulta
337 4347 382 4396 est,
399 4340 430 4389 de
442 4340 490 4406 qut
500 4341 567 4407 Virg.
576 4340 610 4390 sic
620 4343 645 4389 7.
656 4340 757 4390 AEuei'd.
831 4340 927 4391 consule
937 4341 1058 4406 reperitur,
1070 4356 1101 4391 ne
1111 4356 1198 4389 nomes
1209 4338 1313 4404 quidem.
