2959 4959
695 310 823 381 VlTA.
1331 322 1371 390 it

131 446 196 533 ipse
206 455 316 509 sutem
326 438 465 528 quodvis
472 437 648 526 periculum
661 437 759 519 adire,
770 440 868 529 quim
884 437 905 504 ὲ
918 440 1044 528 speratis
1057 442 1183 510 dicendi
1193 443 1292 532 gloriis
1302 445 1367 511 dis-

131 531 244 598 cedere
258 527 382 605 mallet,
410 526 556 591 athenas
570 524 731 611 profectus
741 543 800 602 est,
824 527 880 592 nbi
895 541 1091 592 commutato
1103 552 1218 616 genere
1239 531 1365 596 dicendi

129 616 243 682 vitavit
257 613 457 701 periculum
477 633 554 677 nam
576 611 803 697 temperantius
816 609 885 676 sine
900 612 955 676 illd
975 613 1101 680 summit
1115 615 1200 680 vocis
1213 639 1250 682 ac
1270 618 1367 682 totius

131 703 283 788 eorporis
291 697 795 784 contentionedixit'Anteqnitm
804 696 1136 772 discederetAretinae
1146 700 1285 764 mulieris
1293 725 1367 767 cau·

132 811 203 854 sam
220 785 370 852 defendit.
417 782 554 848 Athenis
569 806 756 849 sexmenses
771 806 842 849 cum
856 785 1028 862 Antiocho,
1039 784 1213 850 clarissimo
1227 785 1366 869 philoso-

131 873 216 961 pho,
223 868 659 956 studiumphilosophiae,nun
684 893 757 935 uam
768 870 980 936 intermissum
993 870 1265 949 abadolescentih,
1276 894 1370 938 reno-

134 960 238 1026 varit:
253 957 433 1045 Epicureos
443 954 617 1022 Phaedruur
628 969 661 1022 et
717 978 833 1022 nonem
844 954 1022 1044 frequenter
1033 979 1105 1022 cum
1116 957 1227 1024 Attico
1237 958 1370 1027 audivit.

410 1139 574 1207 ANNUS
596 1140 741 1208 URBlS
764 1140 996 1209 CONDITAE
1012 1151 1090 1236 ⁸675.

235 1278 316 1338 Coss.
329 1277 379 1338 M.
390 1275 512 1336 AEmilah
525 1274 646 1353 Lepido,
669 1276 704 1345 Q.
720 1276 839 1336 Lutatio
852 1275 964 1350 Cmulo,
984 1287 1050 1336 onte
1065 1277 1205 1337 Christum
1218 1282 1267 1346 77.

549 1354 691 1415 Ciceronis
703 1355 850 1435 vigesimus
863 1376 961 1440 monas.
1000 1389 1002 1393 .

180 1513 260 1579 Hoc
274 1536 362 1577 anno
376 1510 551 1598 pediculari
561 1513 674 1577 morbo
684 1513 716 1577 in
729 1536 807 1600 ngro
820 1514 967 1580 Cumano
978 1528 1122 1580 mortuus
1131 1529 1178 1581 est
1194 1514 1294 1602 Sylla3
1311 1538 1367 1581 cu·

131 1603 187 1688 jus
201 1599 274 1665 edm
290 1622 378 1664 mors
394 1597 544 1664 Ciceroni
558 1600 741 1664 renuntiata
753 1613 810 1677 est,
833 1599 1021 1665 confirmata
1039 1602 1108 1686 jam
1130 1600 1318 1679 valetudine,
1334 1615 1367 1667 et

215 1686 286 1750 ‘bus
294 1686 482 1762 amicorum,
494 1699 527 1748 et
538 1684 688 1750 Antiochi
701 1684 931 1764 cohortatione,
940 1686 1075 1751 Ronram
1087 1688 1191 1752 redire
1202 1689 1320 1764 statuit,
1331 1702 1370 1756 ut

223 1771 385 1857 publicam
396 1782 583 1855 capesseret.
630 1770 764 1834 Athenis
778 1770 864 1856 apud
879 1771 1090 1848 Demetrium,
1113 1795 1179 1836 non
1194 1772 1369 1860 ignobilem

138 1857 314 1924 dioendim
355 1857 361 1870 '
380 1869 473 1933 muna,
485 1855 710 1921 exercebatur:
724 1853 808 1941 phet,
822 1869 920 1921 totam
930 1858 1038 1921 Asiam
1049 1857 1192 1921 lustravit
1200 1879 1272 1924 curn
1284 1880 1370 1922 sum·

138 1944 206 2008 mis
220 1942 337 2006 oratori
362 1964 402 2007 ns.
447 1941 583 2006 Andirit
598 1940 792 2026 Menippum
814 1963 852 2006 co
885 1954 1026 2005 tomento
1042 1941 1205 2017 Catocam,
1225 1942 1368 2008 nobilem

138 2042 317 2106 mrem
339 2027 517 2094 Xenoclem
535 2026 812 2113 Adramyttenum,
937 2025 1025 2113 ylnm
1052 2026 1221 2103 Cnidium3
1245 2025 1372 2094 midae

137 2126 245 2182 antem
267 2114 328 2178 tait
348 2136 422 2180 cunr
438 2113 595 2178 Cicerone
619 2113 793 2199 Dionysias
809 2112 957 2200 Magnes.
1002 2111 1101 2178 Venit
1127 2111 1290 2188 Rhodum,
1311 2113 1370 2179 ubi

136 2198 264 2278 ihrdm,
279 2222 376 2286 quem
392 2201 461 2286 jatn
476 2198 590 2264 Romoe
605 2197 772 2263 Molonem
788 2198 959 2276 audiverat,
974 2196 1194 2286 frequentavit,
1210 2200 1264 2286 qui
1279 2215 1370 2266 actor

136 2286 172 2356 in
186 2286 392 2364 reriscrmsis,
403 2285 604 2371 scriptorque
613 2284 739 2361 nobilis,
755 2299 787 2350 et
801 2286 837 2348 in'
845 2283 993 2350 notandis
1003 2284 1261 2373 corrigendiaque
1272 2286 1370 2365 vitiis,

4 2431 11 2448 ,
137 2371 383 2439 etinstituendo
405 2370 624 2457 docendoque,
664 2370 903 2436 rudentissimus
924 2370 992 2435 fnit.
1037 2371 1069 2436 ls
1084 2371 1188 2436 effecit
1202 2384 1237 2437 ut
1252 2371 1368 2437 Cicero

135 2457 371 2525 redundantem
397 2456 492 2520 nimia
517 2455 603 2520 illam
651 2453 753 2522 icendi
779 2457 904 2543 copiam
929 2456 1126 2542 reprimeret.
1152 2459 1153 2462 ’
1179 2456 1246 2521 Hic
1267 2457 1368 2521 fertur

135 2545 267 2634 rogisse
293 2543 483 2608 Ciceronem
511 2542 636 2607 Groecoe
660 2540 780 2629 lingnae
802 2541 925 2619 rudem,
955 2556 991 2606 ut
1016 2539 1132 2606 Graece
1155 2540 1365 2609 declamaret:

136 2632 255 2718 paruit,
276 2643 315 2695 nt
326 2629 368 2694 ab
382 2651 423 2694 so
436 2626 668 2692 emendaretur.
714 2627 794 2693 cnm
807 2642 911 2693 erstem
923 2627 1028 2690 coeteri
1043 2626 1145 2709 multa
1157 2625 1198 2690 de
1211 2627 1368 2691 Cicerone

138 2712 276 2868 {otiose
290 2714 512 2802 predicarent,
529 2713 608 2777 nihil
620 2713 739 2777 loetitiae
754 2737 821 2798 prae
832 2735 867 2776 se
878 2711 950 2776 tulit
963 2711 1073 2776 Molo:
1096 2710 1262 2798 quodcum
1277 2711 1367 2799 aegre

170 2805 329 2867 iseronem
343 2800 426 2865 ferre
440 2799 597 2875 sensisset,
612 2798 817 2864 exclamavit:
842 2799 885 2863 Te
896 2797 1000 2868 miror,
1018 2795 1130 2874 Cicero,
1142 2806 1170 2859 et
1183 2793 1294 2871 hudo:
1315 2796 1367 2861 sed

139 2910 189 2954 ne
216 2885 558 3036 Groecnnrmbortunoe
571 2882 702 2962 miseret,
718 2888 786 2950 cmm
814 2879 941 2960 videam,
963 2881 1111 2945 doctrinae
1133 2892 1163 2945 et
1187 2880 1368 2981 eloquentiae

137 2971 405 3061 lwdenqqrraeso

451 2969 535 3037 mais
547 2971 691 3050 restabat,
703 2985 761 3056 per
775 2971 805 3036 tc'
817 2968 1021 3035 marazanos
1034 2965 1217 3033 translatam
1232 2989 1279 3034 arr.

413 3133 575 3254 nunus
594 3156 739 3224 naars
762 3153 993 3221 connum
1014 3162 1088 3224 cre.

214 3292 294 3353 Coss.
305 3293 349 3352 D.
362 3292 456 3356 Junio
467 3292 572 3366 Brimo,
594 3291 713 3354 AEms'lio
727 3292 837 3369 Lepido
850 3293 983 3364 Liuiano,
1003 3301 1070 3353 onte
1085 3291 1226 3353 Christum
1239 3295 1287 3358 76.

596 3371 738 3454 Ciceronis
750 3371 917 3452 trigesimus.

182 3526 258 3593 Hoc
274 3550 361 3594 anno
376 3529 491 3595 Cicero
505 3538 543 3594 se‘
561 3529 678 3615 recepit
692 3526 711 3593 ὲ
727 3529 867 3607 Groecih,
890 3529 1019 3595 hiennio
1032 3527 1198 3617 postquim
1214 3528 1278 3596 huc
1292 3552 1369 3616 pro·

138 3609 239 3678 fictos
249 3627 329 3693 erat,
345 3627 430 3681 totas
441 3612 535 3700 pase
545 3629 695 3680 mutatus.
743 3614 825 3680 cam
837 3632 940 3680 autem
953 3614 1193 3681 summostudio
1201 3629 1366 3701 cupersan

139 3698 181 3763 «l
206 3700 354 3786 gloriam,
375 3701 474 3765 ardor
498 3703 567 3786 ejus
593 3700 722 3766 oraculo
752 3700 890 3851 quodam
913 3722 1071 3786 repressus
1095 3713 1162 3766 est:
1185 3722 1270 3779 nam,
1293 3700 1366 3765 cdnr

139 3782 280 3870 Delphis
304 3785 387 3852 illud
398 3786 616 3867 eoasnluisset,
637 3807 752 3873 respon
776 3788 811 3864 it,
833 3809 921 3851 suam
946 3800 981 3851 ut
1000 3800 1156 3865 naturam,
1179 3808 1243 3865 non
1260 3785 1370 3850 multi·

140 3869 260 3934 tudinis
273 3873 468 3957 opinionem,
492 3873 604 3937 ducem
619 3873 693 3937 ritoe
707 3885 908 3959 sequeretur:
931 3868 1040 3958 quare,
1065 3872 1202 3952 Romam
1214 3892 1369 3948 meram,

138 3953 252 4020 timide
263 3957 353 4036 risit,
365 3972 398 4024 et
410 3980 470 4044 per
483 3971 702 4043 contemptum
713 3957 882 4025 Graculus
896 3958 1072 4043 appellatas
1085 3969 1150 4024 est:
1171 3956 1235 4033 scd,
1250 3954 1384 4044 partim,

137 4042 250 4125 patris,
271 4044 390 4129 partim
404 4045 580 4110 amicorum
595 4044 882 4122 adhortationibus,
902 4066 935 4108 se
950 4058 1051 4108 totum
1063 4041 1247 4129 patrociniis
1265 4040 1367 4121 dedit,

139 4126 229 4193 mre
242 4126 346 4214 pond
368 4127 526 4212 felicitate,
550 4143 586 4196 nt
603 4130 730 4195 dicendi
750 4129 856 4217 glorilr
881 4128 1018 4216 reliquos
1035 4141 1179 4193 oratores
1201 4126 1368 4213 supererit.

141 4207 218 4279 Hoc
232 4233 319 4279 anno
345 4214 525 4302 Pompeias,
540 4217 693 4303 privatus,
713 4229 747 4283 et
766 4216 872 4282 adhuc
885 4213 1001 4303 Eques,
1024 4236 1085 4301 pro
1101 4211 1241 4280 Consule
1254 4227 1368 4280 contra

143 4296 520 4370 hathumar-
