2959 4959
160 352 203 410 tt
383 353 388 363 “
558 333 652 400 PRO
674 331 802 397 LEGE
825 330 1044 397 MANILIA.

218 485 360 529 roseum
375 484 482 551 regem
499 460 632 525 inultum
648 481 716 524 esse
728 457 904 544 patiemini,
927 458 982 543 qui
1004 457 1143 546 legatum
1158 456 1267 543 populi
1283 456 1380 521 Rom.

162 567 204 626 45
218 548 413 614 consularem
429 546 559 611 vinculis
582 568 619 609 ao
633 546 816 609 verberibus
831 558 925 630 atque
951 545 1038 606 omni
1053 542 1207 628 supplicio
1222 543 1384 607 excrucia·

218 647 287 699 tum
301 632 446 699 necavit?
489 631 540 695 Illi
560 630 738 696 libertatem
753 633 868 695 civium
886 630 981 693 Rom.
1002 629 1201 693 imminutam
1216 650 1280 693 uon
1302 627 1384 692 tule-

216 707 294 784 runt
303 744 312 797 ;
334 743 389 784 vos
399 718 495 782 vitam
506 732 647 802 ereptam
656 713 845 804 negligetis?
877 715 936 780 Jus
948 714 1113 801 legationis
1126 715 1222 788 verbo
1232 714 1383 778 violatum

167 815 169 820 ’
217 804 263 868 illi
279 804 430 890 persecuti
445 814 537 865 sunt:
561 824 616 865 vos
628 802 766 889 legatum
781 825 824 885 po
847 800 890 885 uli
905 800 999 863 Rom.
1014 801 1101 862 omni
1116 822 1176 885 sup
1199 799 1273 864 licio
1287 800 1384 863 inter·

217 888 344 966 fectum,
367 887 501 952 inultum
516 885 725 975 relinquetis?
769 823 892 964 villere,
916 908 967 962 ne,
992 899 1026 950 ut
1048 884 1108 948 illis
1134 823 1384 968 pulcherrimum

165 995 206 1052 50
218 975 278 1039 fuit
291 985 411 1038 tantam
425 971 514 1036 vobis
529 974 652 1058 imperii
661 974 795 1060 gloriam
811 972 996 1058 relinquere,
1013 972 1057 1034 sic
1068 970 1157 1033 vobis
1168 972 1384 1054 turpissimum

218 1061 267 1137 ait,
291 1057 380 1136 illud,
396 1057 482 1144 quod
497 1059 669 1144 accepistis,
687 1059 767 1124 tueri
782 1071 814 1122 et
829 1078 1014 1122 conservare
1028 1078 1093 1120 non
1109 1078 1213 1141 posse.

217 1244 278 1291 dirce
288 1243 415 1300 Mummio,
425 1259 506 1292 eversa
514 1251 557 1294 eat.
576 1245 654 1293 Causa
662 1245 786 1302 luit,Stra·
849 1248 889 1291 44.
906 1243 1014 1307 legatum
1028 1242 1103 1302 populi
1115 1241 1192 1305 Rom]
1225 1241 1328 1305 legatus
1345 1241 1387 1289 ille

217 1308 278 1355 bone
289 1317 357 1364 terte,
377 1308 417 1358 lib.
435 1314 458 1358 3.
471 1309 535 1372 quod
553 1309 668 1358 Corinthii
682 1310 785 1359 sordere
817 1309 914 1355 utantur
924 1307 1018 1354 ,titilius
1031 1307 1084 1362 tuit,
1101 1308 1141 1369 qui
1153 1314 1178 1355 et
1187 1305 1249 1354 illins
1261 1307 1387 1370 legationis

216 1373 285 1420 tectis
305 1373 328 1419 in
349 1373 438 1437 legatos
459 1390 516 1437 pop.
534 1373 605 1421 Rom.
627 1367 789 1438 conjecerint5'
815 1383 840 1420 et
851 1373 906 1420 belli
917 1374 984 1434 hujus
1004 1371 1175 1419 anctorfnerat.
1210 1371 1249 1419 De
1263 1371 1315 1435 ejus
1329 1388 1389 1436 eup-

217 1436 285 1485 Livio
296 1445 321 1484 et
334 1436 448 1494 Asconio,
465 1438 528 1501 quod
547 1439 691 1502 pulsaverint
700 1454 741 1487 eos
760 1446 785 1484 et
815 1434 1230 1501 pliciojurusuperiirauotale.8.
1246 1437 1388 1485 Liviueecri·

217 1501 372 1560 violaverint5
392 1502 513 1558 Cicerone,
530 1503 593 1566 quod
606 1520 645 1551 eoe
661 1502 784 1566 superbitis
816 1502 852 1548 bit
861 1501 1074 1565 Aquilliumluisse.
1087 1499 1226 1557 Cadmeum
1236 1501 1320 1550 Cicero
1329 1517 1387 1549 con-

216 1567 394 1630 appellaverint.
428 1566 457 1614 Id
469 1569 527 1615 dicit
536 1568 642 1625 fortasse,
661 1577 687 1615 ut
696 1569 784 1615 iactum
816 1566 915 1614 eularem
926 1582 980 1613 eum
991 1565 1104 1628 appellet,
1120 1566 1259 1613 crediderim
1269 1582 1325 1614 euru
1335 1581 1388 1615 ease

216 1630 346 1687 imminuat,
363 1639 388 1680 et
401 1632 514 1679 iuvidiam
524 1641 610 1696 augeat
625 1633 650 1680 in
658 1632 784 1680 Mithrida·
816 1630 1049 1695 M’Aquilliun1,qui
1061 1630 1089 1679 C.
1101 1631 1175 1678 Marii
1183 1631 1274 1694 college
1284 1632 1309 1679 in
1320 1640 1388 1679 sexto

217 1702 275 1754 tem,
294 1697 393 1762 quitum
409 1696 533 1744 crudeliter
550 1698 575 1745 in
587 1699 659 1745 virum
676 1697 784 1746 conenla-
816 1696 878 1746 itlius
888 1697 1011 1745 consulatu
1021 1696 1074 1750 luit,
1085 1696 1099 1742 ri
1111 1712 1157 1760 qno
1169 1696 1251 1744 servile
1263 1696 1349 1748 bellum
1361 1697 1386 1743 in

216 1774 266 1808 rem
277 1761 392 1808 desaeviit.
419 1761 478 1809 Tam
488 1771 656 1810 eructuantem
666 1762 785 1810 habebam·
817 1760 1086 1809 tolttconteetumesr.

217 1832 254 1872 tur
264 1824 504 1890 legatorumcorpora,
521 1835 548 1873 nt
557 1829 670 1891 sagmina,
682 1844 723 1875 eeu
736 1843 787 1875 ver·
850 1831 890 1875 49.
910 1825 1003 1889 Videte]
1036 1826 1183 1889 Complexio,
1205 1841 1246 1874 seu
1266 1824 1387 1888 conclusio

216 1889 298 1946 banaa,
310 1893 373 1953 quod
386 1892 467 1939 herbo
484 1907 638 1954 androgenus
649 1902 693 1949 est,
710 1902 787 1956 gesta·
818 1890 1037 1954 argumentationis:
1063 1891 1134 1954 igitur
1155 1890 1240 1939 bellum
1258 1889 1386 1954 suscipten-

216 1950 278 2011 rent,
289 1971 318 2004 ua
330 1956 382 2021 quis
392 1972 421 2005 ca
432 1956 519 2005 violare
530 1959 634 2005 nudaret.
818 1957 873 2002 dum
885 1965 921 2003 est
932 1956 957 2003 in
967 1954 1033 2003 nsit.

464 2236 565 2280 Prttrdr
588 2231 794 2281 ARGUMENTI
817 2234 975 2280 SECUNDA
998 2235 1091 2279 PARS.

586 2386 659 2455 Quia
674 2388 770 2467 agitur
782 2385 858 2444 sulus
871 2385 1017 2444 sociorum.

261 2563 312 2632 V..
324 2564 424 2641 Quid,
439 2561 525 2649 quod
541 2564 625 2629 aalus
638 2566 795 2630 sociorum
811 2586 968 2629 summum
984 2566 1017 2627 in
1031 2563 1206 2650 periculum
1223 2562 1385 2629 ao'disori·

154 2651 162 2664 '
217 2672 290 2714 men
301 2647 456 2715 vocatur?
493 2650 609 2738 Regno
620 2650 770 2736 expulsus
781 2664 827 2715 est
840 2652 1069 2714 Ariobarzanes
1077 2671 1146 2726 rex,
1161 2650 1263 2712 socius
1273 2672 1317 2735 po
1341 2649 1385 2715 uli

219 2735 358 2800 Romani
373 2750 466 2822 utque
479 2737 615 2801 amicus:
640 2737 805 2801 imminent
820 2736 884 2800 duo
898 2758 988 2835 reges
1008 2736 1067 2800 toti
1083 2735 1178 2812 Asia,
1201 2757 1267 2799 non
1281 2673 1384 2799 solum

216 2821 306 2885 vobis
321 2821 537 2897 inimicissimi,
560 2823 614 2887 sed
638 2825 733 2888 etiam
749 2823 858 2887 vestris
872 2825 965 2885 sociis
988 2836 1083 2907 atque
1097 2822 1222 2885 amicis:
1244 2822 1385 2887 eivitates

184 2926 204 2982 5
217 2918 322 2969 autem
334 2929 453 2984 omnes,
470 2921 585 2972 cuncta
597 2909 778 2995 Asiamque
791 2905 927 2983 Graecia,
941 2920 1078 2971 vestrum
1090 2907 1242 2970 auxilium
1254 2928 1384 2994 exspec-

216 3002 284 3054 tare
297 3004 429 3075 propter
442 2993 573 3076 periculi
588 2994 838 3078 magnitudinem
859 3008 1033 3078 coguntur:
1056 2992 1279 3076 imperatorem
1288 2990 1316 3062 ,ὲ
1330 3015 1384 3056 vo·

216 3074 265 3139 bis
284 3089 404 3141 certum
419 3076 599 3161 deposcere,
621 3077 694 3142 crim
715 3079 889 3163 praesertim
904 3099 960 3140 vos
982 3076 1080 3141 alium
1102 3076 1257 3153 miseritis,
1280 3098 1384 3165 nequo

177 3225 181 3232 ,
217 3160 345 3238 audent,
368 3183 471 3248 neque
484 3159 561 3226 se'id
575 3163 678 3226 facere
694 3184 817 3226 summo
832 3161 899 3225 sind
912 3162 1051 3247 periculo
1066 3185 1158 3248 posse
1170 3162 1384 3228 arbitrantur:

216 3245 325 3310 vident
339 3258 369 3310 et
380 3247 518 3311 sentiunt
529 3246 590 3311 hoc
604 3248 698 3325 idem,
722 3248 806 3335 quod
823 3261 855 3311 et
869 3270 933 3326 vos,
949 3270 1047 3312 uuum
1061 3248 1164 3312 virum
1179 3269 1254 3324 esse,
1270 3246 1304 3311 in
1364 3268 1383 3311 o

164 3341 204 3407 10
218 3351 341 3396 summa
353 3332 417 3395 aiut
426 3332 543 3410 omnia,
560 3344 671 3397 etcum
683 3333 784 3419 prope
799 3343 812 3370 ⁸
822 3355 887 3397 esse
899 3339 977 3419 (qno
992 3333 1110 3398 betiam
1119 3346 1228 3399 carent
1242 3270 1383 3420 aegrilgt

417 3512 431 3539 ⁸
440 3520 495 3560 non
507 3500 599 3563 oleate
610 3502 702 3583 longe.
741 3504 819 3584 bquo
832 3502 922 3584 magle
935 3524 996 3563 eum
1009 3503 1175 3565 detulerunt.

248 3681 272 3725 2.
290 3678 464 3745 Ario-rum]
494 3679 592 3744 Dequo
606 3681 782 3744 jemiuuerra·
812 3682 1098 3748 trrmlqmtodiacauet,
1110 3682 1266 3730 mittebantur.

215 3741 289 3789 tione.
844 3749 868 3795 ³.
887 3747 940 3795 Duo
960 3747 1040 3812 reget]
1084 3747 1235 3795 Mithridates
1256 3752 1282 3794 et
1300 3744 1382 3811 'ligre-

247 3805 288 3855 Ib.
303 3805 398 3871 Socim]
430 3807 507 3855 Tanto
522 3808 547 3856 in
556 3811 644 3860 honore
653 3812 781 3860 habebatur
812 3827 864 3861 nee.
929 3831 932 3840 ⁸
1335 3823 1337 3826 '

212 3869 273 3919 inite
290 3870 305 3918 d
322 3887 379 3935 pop.
397 3871 469 3920 Rom.
481 3888 535 3921 cum
551 3876 634 3924 exteris
653 3876 746 3941 regibus
756 3885 782 3924 et
844 3880 868 3927 ⁶.
885 3876 1038 3939 imperarem
1055 3876 1159 3940 mltum]
1192 3874 1332 3941 Pompeium
1346 3873 1381 3922 ia·

214 3935 308 4000 pepulit
329 3937 437 3994 societas,
459 3945 486 3985 nt
504 3938 564 3988 bend
584 3942 671 3989 meritie
692 3940 781 3989 tanturn
813 3941 906 4006 telligit
936 3997 939 4003 Δ

142 4003 154 4018 ”
214 4002 246 4049 de
257 4000 353 4064 Repub.
364 4002 545 4052 concederetur:
565 4004 590 4053 in
600 4005 693 4068 eig'nnm
703 4012 783 4054 autem
845 4009 869 4053 7.
885 4005 982 4069 alim]
1016 4003 1119 4055 Acilium
1128 4004 1288 4055 Glabrionem.

213 4065 341 4123 societatie,
357 4081 428 4115 aurea
437 4081 532 4124 corone,
548 4069 782 4133 cumanretpaterl,
845 4070 883 4122 lb.
900 4071 976 4135 Neque
991 4070 1094 4134 nudent]
1126 4071 1203 4119 Veriti
1216 4086 1247 4119 ue
1263 4063 1320 4134 qaid
1337 4075 1381 4126 Ρο-

212 4129 272 4178 retu
291 4130 374 4188 curuli,
400 4146 472 4195 quern
499 4134 627 4195 prurientia
647 4135 781 4198 imperatori
812 4136 895 4201 pulum
905 4135 1118 4185 Romoffendent

212 4191 323 4244 Romam
332 4197 419 4245 hebere
428 4204 546 4260 poterent,
562 4206 588 4246 et
597 4200 701 4263 scipione
713 4201 781 4249 ebur·
844 4205 868 4252 9.
887 4199 963 4248 Unum
972 4200 1067 4264 olnam]
1099 4200 1195 4250 Iudicat
1209 4196 1274 4265 qood
1290 4193 1321 4244 eo
1331 4207 1380 4245 011·

156 4293 163 4306 t
209 4271 266 4316 που,
285 4266 341 4326 tog·
356 4262 430 4327 picta,
442 4261 468 4312 e‘t
484 4261 597 4327 palmam,
611 4266 782 4344 onmeqaitnn
811 4264 1020 4342 amurumperire
1029 4265 1155 4331 inperetur
1162 4272 1293 4330 expetatur·
