2959 4959
558 387 884 499 nrt-Amlcr‘rm.
1242 400 1306 459 50⁵

131 515 215 584 'fecti
229 519 337 599 simus,
360 543 424 610 quo
438 542 515 610 erga
527 520 763 606 nosmetipaoa3
786 517 928 596 alteram,
952 527 988 582 ut
1008 528 1116 581 uoatra
1130 515 1162 581 in
1185 515 1304 580 amicus

134 603 360 672 benevoieutia
384 606 511 672 illorum
537 630 614 694 erga
649 628 708 671 nos
734 603 963 670 benevolentiae
982 602 1102 702 pariter
1125 601 1304 702 aequaliter:

138 711 205 837 que
227 693 433 793 respoudeat;
456 693 590 772 tertiam,
613 705 660 771 ut,
682 690 794 779 quanti
818 690 953 790 quisque
972 712 1006 754 oe
1028 710 1095 773 ipae
1116 688 1201 765 facit,
1223 700 1303 752 tanti

167 789 202 839 at
213 776 254 842 ab
276 779 395 844 amicis.
441 778 567 845 Harum
592 779 690 842 trium
705 789 930 843 sententiarum
955 773 1034 839 nulli
1072 796 1178 838 rursus
1200 795 1304 837 assen-

139 859 222 939 tior3
258 884 318 929 uec
333 865 425 930 'enim
449 864 503 930 iila
526 865 632 952 prima
655 886 730 929 rera
753 879 810 939 eat,
843 875 889 937 ut,
919 882 1035 948 quema
1058 859 1187 924 modum
1213 859 1245 921 in
1272 880 1304 922 ae

140 946 286 1034 quiaque,
308 950 353 1015 sic
374 951 406 1014 in
431 953 566 1016 amicum
589 951 630 1015 ait
650 950 818 1015 animatus.
862 945 971 1024 Quam
994 945 1095 1011 multa
1115 946 1210 1022 enim,
1234 964 1305 1031 quae
1328 994 1332 999 .

137 1033 254 1097 nostri
288 1035 383 1100 cauri
409 1057 574 1124 nunquam
603 1035 788 1112 faceremus,
825 1031 957 1098 facimus
987 1031 1079 1098 cauti
1108 1025 1310 1096 amicorum?

138 1119 266 1216 precari
288 1121 328 1185 ab
343 1121 486 1209 indigno,
510 1144 544 1184 au
570 1119 707 1205 plicare3
730 1135 798 1184 urm
813 1118 958 1181 acerbiira
980 1118 1013 1181 iu
1034 1118 1172 1205 aliquem
1188 1113 1317 1191 invehi„

139 1207 349 1293 insectarique
363 1143 595 1281 vehementidm
621 1226 692 1290 quae
707 1204 739 1267 in
766 1204 882 1267 nostrie
896 1204 989 1268 rebus
1014 1226 1079 1268 uon
1095 1201 1169 1268 satia
1179 1202 1320 1267 bones*

138 1286 186 1366 te,
208 1291 241 1354 in
256 1295 433 1356 amicorum
460 1291 541 1355 fiunt
554 1288 794 1354 honestissime:
819 1288 991 1375 multaeque
1011 1310 1060 1354 res
1081 1304 1165 1366 aunt,
1189 1289 1221 1352 in
1237 1286 1307 1375 qui·

138 1373 198 1438 bua
212 1376 253 1440 de
266 1376 331 1439 suis
345 1374 522 1440 commodis
535 1375 603 1459 vir-i
618 1376 694 1439 boui
716 1372 817 1440 multa
838 1373 1020 1453 detrabunt,
1045 1373 1231 1461 detrahique
1251 1396 1308 1461 pa·

136 1459 274 1537 tiuntur,
300 1473 336 1524 ut
360 1461 398 1523 iia
423 1462 517 1525 amici
542 1459 657 1546 putida,
687 1458 783 1548 qudm
809 1460 880 1546 ipsi,
902 1459 1056 1525 fruantur.
1102 1459 1213 1524 Altera
1237 1482 1308 1525 sen·

136 1544 240 1607 tentia
254 1558 310 1622 eat,
333 1559 406 1631 qu'ae
420 1544 544 1610 definit·
556 1546 728 1610 amicitiam
743 1546 874 1633 paribus
897 1545 1008 1611 officiis
1032 1568 1070 1610 ac
1083 1545 1307 1612 voluntatibus.

141 1626 221 1692 Hoc
242 1629 370 1714 quidem
383 1646 431 1694 eat
445 1631 539 1696 nimis
553 1629 670 1718 exigue
685 1644 717 1695 et
737 1630 863 1696 exiliter
877 1632 918 1695 ad
940 1630 1077 1697 calculos
1090 1653 1205 1696 vocare
1230 1632 1323 1696 amir

139 1713 259 1791 citiam,
282 1729 319 1778 ut
343 1737 401 1801 par
427 1716 467 1781 sit
481 1717 563 1781 ratio
576 1730 778 1802 acceptorum
794 1729 827 1781 et
848 1716 1008 1781 datorum.
1052 1716 1162 1781 Ditior
1183 1716 1261 1781 mihi
1276 1730 1309 1784 et

139 1796 322 1864 affluentior
350 1800 474 1866 ridetur
502 1824 569 1866 esse
592 1824 666 1867 vera
686 1803 844 1878 amicitia3
876 1825 936 1868 nec
961 1801 1128 1867 observare
1147 1800 1307 1882 restricte,

138 1906 183 1949 ne
229 1883 278 1949 lus
299 1885 412 1975 reddat
436 1883 532 1974 quam
556 1889 731 1971 acceperit3
759 1889 968 1974 nequeenim
994 1887 1166 1953 verendum
1188 1902 1252 1965 est,
1267 1911 1310 1954 ne

138 1907 227 2056 quid)
232 1971 369 2048 excidat,
393 1986 448 2036 aut
473 1995 513 2037 ne
534 1973 611 2059 quid
626 1972 660 2036 in
684 1986 802 2038 terram
825 1972 953 2049 defluat,
977 1986 1032 2038 aut
1056 1995 1097 2037 ne
1121 1973 1193 2057 pius
1215 1996 1308 2059 aequo

139 2055 219 2141 quid
242 2057 277 2121 in
300 2058 469 2123 amicitiam
496 2070 697 2145 congeratur.
746 2058 875 2123 Tertius
900 2056 976 2122 verb
1001 2056 1056 2122 ille
1081 2057 1153 2127 finis
1178 2057 1309 2122 deterri·

137 2162 221 2219 mus,
244 2156 290 2221 ut,
313 2144 425 2229 quanti
440 2145 572 2230 quisque
586 2167 619 2207 se
638 2145 705 2229 ipae
719 2145 823 2220 saciat,
847 2144 927 2209 tanti
940 2144 997 2209 fiat
1019 2144 1061 2208 ab
1075 2144 1201 2208 amicis:
1225 2166 1309 2229 saepe

137 2226 224 2291 enim
242 2228 274 2291 in
290 2228 477 2315 quibusdam
493 2242 548 2294 aut
562 2230 686 2294 animus
705 2229 859 2316 abjectior
876 2242 932 2307 est,
956 2241 1012 2294 aut
1025 2251 1097 2316 spes
1112 2229 1308 2317 amplifican-

138 2311 191 2377 dae
215 2311 352 2379 fortunae
373 2313 511 2383 fractior.
558 2315 633 2380 Non
659 2330 706 2380 est
729 2316 828 2403 igitur
841 2315 945 2394 aurici,
970 2314 1064 2381 talem
1090 2338 1155 2381 esse
1176 2316 1210 2380 in
1225 2338 1306 2395 eum,

139 2398 244 2484 qualis
257 2400 312 2463 ilie
327 2400 360 2462 in
380 2423 413 2464 ae
427 2415 493 2476 est3
516 2401 571 2464 sed
585 2400 691 2485 potiris
715 2404 801 2480 eniti,
826 2416 858 2466 et
868 2401 1011 2479 efficere,
1034 2414 1070 2467 ut
1087 2402 1180 2468 amici
1200 2403 1308 2489 jacen-

141 2494 207 2545 tem
235 2483 376 2545 animum
402 2484 527 2559 excitet,
561 2485 753 2571 inducatque
778 2508 866 2569 spem
892 2489 1178 2585 cogitationemque
1198 2488 1310 2552 melio-

141 2587 221 2630 rem.
265 2565 358 2629 Alius
372 2567 470 2653 igitur
483 2567 557 2630 finis
572 2588 654 2630 verae
669 2570 817 2631 amicitiae
836 2571 1075 2632 constituendus
1089 2586 1144 2647 est,
1169 2574 1195 2633 si
1210 2573 1308 2656 priris,

142 2650 222 2738 quid
247 2650 386 2715 maxime
407 2650 639 2736 reprehendere
666 2652 775 2736 Scipio
801 2652 910 2717 solitus
935 2653 985 2730 ait,
1016 2652 1157 2718 edixero.
1203 2657 1253 2719 Ne

141 2738 198 2801 bat
220 2734 317 2800 ullam
346 2740 469 2799 vocem
483 2736 691 2800 inimiciorem
713 2737 860 2801 amicitiae
882 2740 1022 2821 potuisse
1046 2759 1080 2801 re
1103 2739 1187 2815 eriri,
1210 2762 1309 2825 quam

142 2822 220 2908 ejuS,
244 2822 299 2907 qui
312 2818 453 2899 dixisset,
478 2821 522 2885 ita
536 2840 643 2885 amare
664 2836 822 2907 oportere,
849 2834 885 2887 ut
907 2822 934 2886 ai
948 2761 1118 2910 aliquando
1133 2840 1213 2888 esset
1237 2847 1314 2892 osu·

141 2928 214 2972 ruse
236 2928 296 2971 uec
310 2905 388 2971 verb
403 2930 436 2971 se
450 2906 564 2971 adduci
582 2929 683 2993 posse,
707 2920 744 2972 ut
757 2906 820 2972 hoc
834 2909 1114 2994 (quemadmodum
1130 2912 1308 2994 putaretur)

142 2990 294 3059 dBiante
308 3012 374 3057 ease
394 2993 514 3057 dictum
538 2988 688 3072 crederet,
715 2994 770 3080 qui
792 2994 916 3077 sapiens
936 2994 1062 3067 habitus
1083 3012 1164 3060 esset
1187 2993 1308 3061 unusd

143 3092 281 3164 septem3
305 3078 364 3142 sed
379 3078 497 3163 impuri
511 3077 684 3164 cujusdam,
708 3091 764 3143 aut
778 3079 946 3157 ambitiosi,
971 3093 1027 3143 aut
1040 3083 1147 3144 omnia
1161 3081 1202 3146 ad
1217 3105 1308 3148 suam

141 3165 319 3250 potentiam
348 3164 534 3241 revocantis,
563 3186 629 3228 esee
657 3166 854 3229 sententiam.
913 3158 1064 3243 Quonam
1096 3168 1180 3231 enirn
1209 3169 1307 3234 modo

165 3250 307 3336 uiaquam
321 3250 440 3315 amicus
454 3272 521 3315 ease
533 3250 660 3335 poterit,
683 3251 732 3314 cui
746 3250 918 3336 reputabit
934 3250 1098 3315 inimicum
1110 3273 1178 3316 ease
1190 3253 1307 3338 posse?

142 3272 331 3409 Quinetiam
358 3356 484 3400 necesse
512 3335 572 3399 erit
597 3357 713 3420 cupere
740 3349 773 3399 et
797 3350 918 3422 optare,
951 3351 987 3401 ut
1010 3334 1105 3423 quim
1134 3338 1305 3425 saepisaimd

104 3438 109 3443 ·
143 3429 254 3504 peceat
268 3418 397 3496 amicus,
421 3443 484 3506 quo
498 3420 605 3505 plures
618 3419 673 3485 det
696 3421 755 3484 ribi
777 3434 937 3508 tamquam
956 3443 1049 3495 ausas
1070 3423 1111 3486 ad
1135 3426 1305 3511 reprehen-

143 3502 305 3579 dendumz
330 3524 466 3568 rursum
494 3519 599 3571 autem
628 3503 714 3573 recte
745 3506 835 3571 factis
862 3507 1099 3595 commodisque
1129 3512 1304 3577 amicorum

142 3608 271 3655 necesse
294 3587 356 3653 erit
380 3589 464 3675 angi,
487 3589 603 3670 dolere,
623 3590 785 3656 inridere:
807 3590 906 3678 quari
928 3591 991 3657 hoc
1013 3593 1141 3680 quidem
1162 3620 1185 3683 p

117 3716 119 3725 ι
142 3680 222 3752 tum,
238 3674 461 3760 cujuscumque
474 3687 530 3753 eat,
542 3675 581 3740 ad
597 3674 770 3740 tollendam
780 3677 949 3743 amicitiam
962 3677 1054 3744 valet.
1098 3680 1182 3747 illud
1197 3685 1265 3768 poti
1287 3704 1302 3746 s

142 3758 393 3847 praecipiendum
414 3756 485 3838 fuit,
507 3774 542 3824 ut
562 3782 633 3825 earn
647 3761 844 3849 diligentiam
866 3763 1085 3832 adhiberemus
1106 3766 1140 3830 iu
1157 3768 1302 3831 amicitiis

142 3842 374 3926 comparandis,
404 3857 441 3907 ut
461 3845 629 3931 nequando
652 3868 760 3911 amare
783 3848 993 3934 inciperemus
1016 3873 1099 3928 eum,
1149 3873 1221 3915 uem
1243 3851 1301 3915 ali·

30 3994 37 4003 ,
140 3925 389 4079 quaudoodime
402 3950 573 4021 poscemus,
597 3930 792 4011 Quinetiam,
808 3933 834 3997 ai
848 3933 952 3999 minda
966 3934 1071 4000 felices
1084 3872 1301 4023 indeligerrdo

180 4012 189 4028 0

158 4032 319 4091 uraamrua,
341 4012 505 4080 ferendum
530 4014 565 4079 id
588 4016 695 4102 Scipio
712 4018 828 4104 potius,
852 4017 949 4107 quim
964 4018 1207 4089 inimicitiarum,
1221 4033 1300 4085 tem·

137 4118 201 4186 pua
215 4097 429 4247 coquendum,
450 4100 592 4187 putabat.

39 4234 44 4243 .
184 4182 253 4248 XV
294 4231 302 4246 .
322 4180 388 4247 His
403 4184 499 4271 igitur
512 4185 629 4252 finibus
643 4189 795 4255 utendum
815 4186 964 4268 arbitror,
988 4202 1032 4268 ut,
1055 4188 1126 4255 crim
1141 4190 1297 4258 emendati

142 4289 246 4338 moros
260 4268 434 4339 amicorum
448 4271 520 4354 aiut,
543 4287 610 4339 tum
633 4273 674 4340 rit
688 4275 837 4341 intereos
851 4275 993 4339 omniurn
1013 4297 1129 4355 rerum,
1153 4277 1299 4344 coneilio-
