2959 4959
124 316 206 394 axvi
505 312 556 380 M.
569 305 734 380 TULLII
750 311 1008 382 CICERONIS
1128 375 1132 378 ,

125 442 290 512 claruisse.
328 443 412 511 Cum
426 441 488 509 illis
505 441 617 508 Cicero
631 443 798 531 serecepit
821 440 856 507 in
883 440 1090 526 Capitolium,
1112 461 1214 529 aeque
1237 435 1368 506 Μ

27 577 31 586 -
126 531 233 617 potuit
254 543 290 596 ut
315 530 356 596 ad
382 529 559 596 Antonium
577 530 647 595 iret.
692 530 772 596 Post
791 529 875 594 diem
892 526 1021 592 tertium
1036 528 1069 592 in
1091 527 1191 593 aedem
1213 522 1365 598 Telluris

126 617 225 691 venit,
240 617 296 683 ubi
312 617 447 683 Senatus
462 614 637 680 habebatur
647 641 657 694 ς
681 628 714 682 et
734 616 777 681 ad
798 636 908 701 pacem
924 615 1007 680 cives
1018 613 1163 680 hortatus
1176 623 1234 689 est,
1252 608 1365 680 Athe·

125 703 285 768 niensium
314 700 479 787 exemplo:
513 698 626 767 habuit
653 724 780 790 quoqne
811 700 971 766 Antonius
998 699 1176 764 orationem
1211 698 1253 762 de
1276 716 1365 761 eon·

127 788 250 855 cordia.
295 788 408 854 Cicero
430 785 522 850 initio
546 787 667 869 Aprilis
687 810 728 852 ex
752 787 830 852 urbe
853 808 907 870 rus
920 783 1078 871 profectus
1093 797 1150 861 est,
1171 784 1260 850 villas
1281 803 1364 846 suas

125 872 325 940 lustraturus.
368 872 409 937 In
420 869 482 936 blac
495 872 699 939 rusticatione
712 889 777 938 tres
791 871 888 936 libros
898 871 940 936 de
953 867 1077 936 Natura
1092 869 1239 935 Deorum
1253 868 1365 952 scrip-

126 960 187 1040 sit;
210 960 289 1025 duos
302 958 343 1023 de
359 956 586 1036 Divinatione3
608 973 640 1024 et
661 958 825 1025 dialooum
846 957 887 1022 de
910 957 1089 1033 Senectute,
1111 967 1167 1020 aut
1191 952 1366 1038 sandjan

126 1048 278 1132 seriptum
300 1042 342 1108 ad
374 1042 517 1108 Atticum
541 1044 635 1110 misit.
687 1013 811 1110 Eodem
833 1058 987 1130 tempore,
1008 1038 1081 1106 crim
1102 1061 1213 1104 omnes
1234 1040 1368 1123 cogita·¹

126 1133 228 1197 tiones
242 1152 312 1195 suas
323 1127 445 1194 defixas
456 1128 490 1192 in
505 1129 678 1196 concordiis
690 1130 807 1196 civium
818 1130 960 1205 haberet,
983 1141 1077 1214 atque
1088 1126 1242 1200 omnium,
1258 1125 1366 1190 etiam

126 1215 273 1294 Antonii,
297 1215 467 1280 amicitiam
482 1216 618 1281 retinere
638 1216 741 1293 vellet,
764 1216 888 1301 scripsit
913 1213 1057 1290 Laelium,
1082 1213 1148 1276 sire
1170 1209 1288 1274 librum
1316 1208 1366 1274 de

126 1300 290 1368 Amicitia,
346 1300 441 1365 Circa
462 1300 540 1365 illud
563 1316 687 1388 tempus
709 1301 872 1378 Octavius,
906 1300 959 1386 qui
984 1297 1148 1384 Augustus
1170 1296 1273 1360 dictus
1294 1309 1364 1373 est,

125 1386 238 1451 audita
252 1398 355 1451 morte
371 1385 515 1462 Caesaris,
531 1389 585 1471 qui
600 1410 734 1475 magnus
755 1389 821 1473 ejus
835 1383 1008 1450 avunculus
1028 1398 1104 1461 erat,
1130 1378 1308 1468 Apollonide
1324 1380 1365 1445 in

128 1471 254 1538 Italiam
269 1472 365 1550 venit,
386 1486 417 1536 et
443 1470 611 1557 Neapolim
636 1474 792 1550 transivit,
816 1470 869 1535 ubi
896 1466 1074 1534 honorifice
1100 1490 1173 1534 cum
1199 1466 1366 1531 Cicerone

125 1557 188 1623 fuit
200 1571 232 1623 et
245 1555 361 1623 amice.
387 1557 454 1622 Hic
468 1556 579 1642 posted
592 1581 698 1638 mense
714 1557 806 1624 Maio
818 1578 889 1622 cum
908 1556 1030 1629 Hirtio,
1044 1555 1119 1619 Cos.
1133 1552 1198 1618 desi
1225 1564 1312 1625 nato,
1325 1552 1365 1615 in

128 1643 307 1710 Puteolano
322 1656 535 1708 commoratus
549 1659 605 1722 est,
621 1645 677 1709 ubi
691 1644 731 1709 de
749 1644 829 1708 Fato
839 1664 1018 1707 sermonem
1034 1640 1155 1705 habuit.
1200 1576 1366 1722 ixrremo

126 1750 236 1794 mense
261 1728 350 1793 Maio
368 1728 506 1793 Romam
531 1728 636 1794 versds
652 1729 811 1816 profectus
825 1743 881 1808 est,
898 1741 934 1793 ut
959 1726 1036 1792 Kal.
1058 1725 1147 1792 Junii
1163 1726 1196 1790 in
1224 1726 1364 1801 Senatu,

95 1873 100 1882 ,
127 1815 210 1881 sicut
224 1815 385 1881 Antonius
399 1814 551 1894 edixerat,
565 1815 697 1881 adesset.
743 1815 819 1893 Sed,
840 1812 913 1879 edm
936 1813 989 1879 iile
1004 1838 1037 1878 se
1061 1813 1199 1877 Romam
1223 1811 1365 1896 stipatus

127 1902 224 1966 armis
239 1900 405 1977 retulisset,
422 1901 601 1979 Senatores,
626 1917 712 1967 metu
733 1902 903 1986 perterriti,
919 1897 1050 1985 repente
1070 1897 1274 1986 diffugerunt.
1298 1894 1371 1960 lv.

128 1988 241 2053 Nonas
255 1988 352 2075 igitur
368 1987 484 2052 Cicero
498 1990 539 2051 ab
552 1986 643 2053 Urbe
652 1987 763 2062 abfuit,
777 2008 836 2050 nec
846 1987 878 2048 in
892 1985 1015 2049 Urbem
1025 1985 1163 2061 rediisse,
1177 1983 1236 2046 nisi
1251 1980 1365 2068 pridie

130 2072 206 2140 Kal.
230 2073 390 2158 Septemb.
405 2072 539 2136 videtur.
584 2072 635 2135 Eo
648 2088 792 2156 tempore
814 2069 856 2133 de
882 2070 1004 2134 Officiis
1029 2069 1166 2132 scribere
1190 2089 1366 2153 aggressus

128 2173 194 2233 est;
217 2171 258 2235 et,
277 2155 349 2221 cdm
365 2156 495 2219 haberet
518 2159 564 2219 'us
578 2155 747 2244 legationis
759 2156 876 2231 liberae,
901 2154 961 2217 iter
975 2154 1008 2218 in
1032 2153 1188 2219 Graeciam
1209 2155 1364 2236 suscepit,

128 2255 166 2309 ut
181 2239 294 2307 Romae
313 2241 435 2305 adesset
460 2178 534 2304 Kal.
549 2240 704 2319 Januarii,
731 2241 847 2326 quibus
872 2239 1000 2304 Hirtius
1023 2251 1054 2303 et
1080 2237 1184 2304 Pansa
1200 2237 1366 2303 Consuls-

129 2340 197 2397 tam
212 2338 303 2391 erant
317 2326 437 2392 inituri.
481 2325 605 2390 Veliam
620 2327 707 2391 venit
730 2347 809 2392 xnr.
826 2324 900 2390 Kal.
915 2324 1027 2390 Sextii.
1052 2324 1161 2450 ibipue
1175 2324 1260 2388 diem
1281 2346 1367 2389 con-

129 2414 218 2480 stitit.
264 2409 356 2476 velit
409 2410 580 2489 oficisoens,
598 2412 724 2497 Topica
737 2410 990 2488 adTrebatium,
1007 2413 1039 2475 in
1055 2411 1126 2495 ipsa
1144 2410 1365 2493 navigatione,

393 2433 408 2475 r

129 2498 327 2586 conscripsit.
370 2433 610 2562 liberarentur
636 2498 734 2583 paulo
755 2496 830 2563 ante
856 2495 897 2561 ad
924 2498 1068 2562 Atticum
1092 2499 1173 2562 duos
1198 2497 1297 2562 libros
1319 2498 1364 2563 da

131 2582 257 2662 Gloria,
272 2605 409 2672 quorum
424 2583 567 2649 meminit
588 2582 642 2649 lib.
664 2592 695 2648 2.
718 2583 760 2648 de
780 2583 912 2650 Officiis.
958 2581 1040 2648 lodie
1055 2584 1189 2648 venitin
1205 2584 1363 2664 Siciliam,

131 2671 315 2758 Syracusas,
329 2683 362 2735 et
387 2669 629 2755 Leucopetram,
653 2670 709 2734 ubi
729 2671 836 2734 navim
858 2669 1043 2734 conscendit
1064 2671 1304 2735 transmissurus
1326 2673 1365 2736 in

132 2756 302 2824 Graeciam.
348 2755 458 2822 Stadia
471 2768 612 2821 trecenta
633 2756 758 2822 circiter
771 2769 949 2906 provectus,
973 2756 1107 2905 rep'jectus
1125 2756 1246 2822 Austro
1265 2757 1366 2823 veha-

130 2843 231 2907 menti
251 2840 353 2906 estad
371 2841 611 2927 Leucopetram.
650 2842 731 2920 Sed,
751 2865 769 2907 c
792 2863 821 2905 m
846 2842 879 2905 in
903 2839 980 2905 villis
1026 2889 1033 2904 .
1059 2841 1180 2906 Valerii
1205 2856 1363 2921 maneret,

93 2997 97 3004 ,
130 2928 239 3014 ibique
252 2940 382 2992 ventum
396 2927 821 3013 commodumexspectaret,
840 2926 980 3013 Rhegini
1002 2926 1132 3012 quidam
1152 2929 1211 2993 viri
1226 2928 1367 2993 illustres

133 3012 328 3079 Romanae
349 3013 522 3089 redierunt,
544 3014 598 3100 qui
621 3014 812 3078 nuntiabant
832 3036 846 3076 s
870 3034 920 3076 em
943 3033 1019 3089 esse,
1052 3012 1119 3079 fore
1141 3026 1177 3078 ut
1200 3014 1365 3080 Antonius

131 3099 267 3175 cederet,
295 3120 345 3164 res
369 3100 562 3176 conveniret,
592 3099 727 3164 Caesaris
754 3099 820 3163 iate
851 3112 971 3162 actores
991 3097 1141 3164 redirent.
1187 3100 1366 3166 Addebant

131 3187 228 3251 etiam
253 3184 441 3250 Ciceronem
462 3184 643 3248 desiderari.
690 3183 780 3249 Nihil
795 3199 935 3248 moratus
957 3182 1010 3247 ille
1028 3184 1133 3248 statim
1156 3184 1280 3251 l’eliam
1305 3185 1365 3251 ad·

132 3270 249 3336 ductus
271 3285 327 3336 est.
373 3270 531 3335 Convenit
546 3271 692 3348 Brutum,
708 3270 763 3356 qui
778 3268 864 3355 apud
881 3268 1029 3333 Haletem
1053 3270 1182 3335 fluvium
1198 3271 1283 3336 circa
1297 3271 1365 3335 Ve-

131 3356 208 3420 liam
223 3378 296 3420 cum
311 3356 445 3420 navibus
459 3372 543 3430 erat3
570 3370 665 3443 atque
678 3351 754 3419 inde
768 3355 802 3419 in
817 3357 952 3440 patriam
967 3355 1054 3418 omni
1069 3354 1268 3422 festinatione
1286 3379 1365 3443 pro-

131 3441 264 3528 peravit.
295 3440 469 3507 decedenti
482 3440 523 3506 ad
540 3439 664 3507 Urbem
679 3453 768 3507 tanta
784 3439 955 3506 multitudo
969 3437 1096 3505 obvidm
1108 3442 1205 3518 venit,
1222 3456 1267 3521 ut,
1283 3442 1364 3508 dum

132 3527 174 3592 ad
189 3539 297 3611 portas
311 3527 393 3591 cives
406 3527 545 3596 Romani
564 3527 795 3615 ingredientem
810 3527 985 3613 excipiunt,
1000 3526 1231 3615 adventumque
1277 3542 1366 3593 ratu·

132 3612 249 3690 lentur,
265 3612 332 3677 dies
351 3610 416 3676 ferd
439 3629 642 3698 consumptus
664 3612 768 3678 fuerit.
814 3610 967 3677 Kalendis
983 3613 1024 3677 Se
1048 3626 1071 3676 t.
1086 3552 1367 3679 AntoniusgSena·

134 3714 201 3765 tam
216 3697 329 3763 habuit
350 3697 392 3762 de
416 3719 474 3783 sup
498 3697 698 3763 linctionibus
724 3697 843 3762 Caesari
866 3635 1092 3763 decernendis:
1116 3698 1305 3764 Ciceronem
1326 3699 1364 3768 in

133 3785 253 3852 citriam
270 3783 412 3860 vocavit;
435 3721 501 3862 sed,
517 3782 588 3848 edm
604 3783 623 3847 ὲ
647 3786 700 3849 vila
714 3783 889 3871 langueret,
905 3805 971 3848 non
989 3782 1100 3862 adsuit,
1115 3797 1262 3850 causatus
1278 3784 1366 3850 vale-

133 3871 288 3937 tudinem.
334 3869 552 3947 Antoniuaid
577 3893 606 3934 aa
646 3868 801 3947 blerana,
825 3868 933 3955 palam
949 3870 982 3933 in
1008 3870 1137 3946 Senatu,
1152 3871 1214 3935 nisi
1229 3867 1363 3948 veniret,

133 3957 241 4022 fabros
269 3977 303 4021 se
326 3956 506 4032 missurum,
532 3969 564 4021 et
614 3955 730 4020 omum'
752 3957 818 4042 ejus
832 3954 1094 4034 disturbaturum,
1110 3956 1204 4036 dixit.
1248 3956 1367 4021 Adfuit

157 4042 288 4107 ostridie
297 4042 329 4105 in
343 4041 462 4106 Senatu
475 4042 599 4119 Cicero,
612 4041 667 4106 sed
683 4042 844 4107 Antonius
858 4041 968 4107 abluit.
987 4040 1101 4106 Cicero
1117 4040 1220 4106 minda
1232 4040 1366 4128 quidem

132 4063 235 4191 bbere
264 4127 343 4192 der
384 4124 492 4191 ublicb
513 4126 594 4192 dixit
625 4125 723 4213 qudm
754 4150 810 4192 sua
840 4125 1053 4203 corisuetud03
1087 4124 1215 4192 liberids
1244 4141 1364 4204 tamen,

180 4234 230 4276 arn
252 4213 361 4298 pericu
414 4213 572 4299 minaeque
591 4212 809 4298 postulabant.
855 4211 982 4277 Habuit
1011 4212 1045 4276 in
1078 4214 1196 4279 Senatu
1249 4212 1365 4277 rimam

134 4233 359 4383 ilriltppteam,
374 4297 506 4387 qualsic
529 4300 690 4364 Antonius
711 4299 850 4366 offensus
870 4309 988 4380 est,·ut
1011 4297 1193 4366 inimicitias
1244 4294 1366 4365 ioeroui
