<?xml version="1.0" encoding="UTF-8"?>
<!DOCTYPE html PUBLIC "-//W3C//DTD XHTML 1.0 Transitional//EN"
    "http://www.w3.org/TR/xhtml1/DTD/xhtml1-transitional.dtd">
<html xmlns="http://www.w3.org/1999/xhtml" xml:lang="en" lang="en">
 <head>
  <title>
</title>
<meta http-equiv="Content-Type" content="text/html;charset=utf-8" />
  <meta name='ocr-system' content='tesseract 3.04.00' />
  <meta name='ocr-capabilities' content='ocr_page ocr_carea ocr_par ocr_line ocrx_word'/>
</head>
<body>
  <div class='ocr_page' id='page_1' title='image "./selectaemtcicer00caregoog_0300.png"; bbox 0 0 2959 4959; ppageno 0'>
   <div class='ocr_carea' id='block_1_1' title="bbox 135 354 941 446">
    <p class='ocr_par' dir='ltr' id='par_1_1' title="bbox 135 354 941 446">
     <span class='ocr_line' id='line_1_1' title="bbox 135 354 941 446; baseline -0.012 0"><span class='ocrx_word' id='word_1_1' title='bbox 135 388 200 446; x_wconf 73' lang='lat' dir='ltr'><strong>erc</strong></span> <span class='ocrx_word' id='word_1_2' title='bbox 563 356 568 361; x_wconf 81' lang='grc'><strong>’</strong></span> <span class='ocrx_word' id='word_1_3' title='bbox 639 375 690 441; x_wconf 84' lang='lat' dir='ltr'><strong>m</strong></span> <span class='ocrx_word' id='word_1_4' title='bbox 714 354 941 439; x_wconf 73' lang='lat' dir='ltr'><strong>Pisonen.</strong></span> 
     </span>
    </p>
   </div>
   <div class='ocr_carea' id='block_1_2' title="bbox 130 500 1381 1867">
    <p class='ocr_par' dir='ltr' id='par_1_2' title="bbox 142 500 1379 936">
     <span class='ocr_line' id='line_1_2' title="bbox 142 500 1379 585; baseline -0.006 -14"><span class='ocrx_word' id='word_1_5' title='bbox 142 538 146 549; x_wconf 47' lang='lat' dir='ltr'><strong>r</strong></span> <span class='ocrx_word' id='word_1_6' title='bbox 196 507 407 585; x_wconf 74' lang='lat' dir='ltr'>noviciorum,</span> <span class='ocrx_word' id='word_1_7' title='bbox 430 507 546 572; x_wconf 82' lang='lat' dir='ltr'><strong>iactum</strong></span> <span class='ocrx_word' id='word_1_8' title='bbox 562 525 628 568; x_wconf 89' lang='lat' dir='ltr'><strong>esse</strong></span> <span class='ocrx_word' id='word_1_9' title='bbox 653 500 837 566; x_wconf 79' lang='lat' dir='ltr'><strong>consulem:</strong></span> <span class='ocrx_word' id='word_1_10' title='bbox 860 521 926 563; x_wconf 90' lang='lat' dir='ltr'><strong>non</strong></span> <span class='ocrx_word' id='word_1_11' title='bbox 947 502 1032 566; x_wconf 87' lang='lat' dir='ltr'><strong>enim</strong></span> <span class='ocrx_word' id='word_1_12' title='bbox 1048 524 1107 566; x_wconf 82' lang='lat' dir='ltr'><strong>nos</strong></span> <span class='ocrx_word' id='word_1_13' title='bbox 1133 500 1220 566; x_wconf 92' lang='lat' dir='ltr'><strong>color</strong></span> <span class='ocrx_word' id='word_1_14' title='bbox 1235 501 1292 565; x_wconf 86' lang='lat' dir='ltr'><strong>iste</strong></span> <span class='ocrx_word' id='word_1_15' title='bbox 1304 511 1379 566; x_wconf 83' lang='lat' dir='ltr'><strong>aer·</strong></span> 
     </span>
     <span class='ocr_line' id='line_1_3' title="bbox 197 586 1375 678; baseline -0.006 -22"><span class='ocrx_word' id='word_1_16' title='bbox 197 593 278 670; x_wconf 88' lang='lat' dir='ltr'><strong>vilis,</strong></span> <span class='ocrx_word' id='word_1_17' title='bbox 309 616 375 656; x_wconf 86' lang='lat' dir='ltr'><strong>non</strong></span> <span class='ocrx_word' id='word_1_18' title='bbox 398 590 508 678; x_wconf 87' lang='lat' dir='ltr'><strong>pilosae</strong></span> <span class='ocrx_word' id='word_1_19' title='bbox 531 611 630 675; x_wconf 82' lang='lat' dir='ltr'><strong>genae,</strong></span> <span class='ocrx_word' id='word_1_20' title='bbox 661 609 727 650; x_wconf 93' lang='lat' dir='ltr'><strong>non</strong></span> <span class='ocrx_word' id='word_1_21' title='bbox 753 586 864 650; x_wconf 87' lang='lat' dir='ltr'><strong>dentes</strong></span> <span class='ocrx_word' id='word_1_22' title='bbox 889 586 1010 670; x_wconf 82' lang='lat' dir='ltr'><strong>putridi</strong></span> <span class='ocrx_word' id='word_1_23' title='bbox 1036 587 1249 673; x_wconf 88' lang='lat' dir='ltr'><strong>deceperunt;</strong></span> <span class='ocrx_word' id='word_1_24' title='bbox 1276 586 1375 665; x_wconf 89' lang='lat' dir='ltr'><strong>oculi,</strong></span> 
     </span>
     <span class='ocr_line' id='line_1_4' title="bbox 164 672 1379 764; baseline -0.004 -22"><span class='ocrx_word' id='word_1_25' title='bbox 164 680 375 764; x_wconf 62' lang='lat' dir='ltr'><strong>§supercilia</strong></span> <span class='ocrx_word' id='word_1_26' title='bbox 406 680 502 751; x_wconf 81' lang='lat' dir='ltr'><strong>lions,</strong></span> <span class='ocrx_word' id='word_1_27' title='bbox 533 674 636 737; x_wconf 84' lang='lat' dir='ltr'><strong>vultus</strong></span> <span class='ocrx_word' id='word_1_28' title='bbox 665 672 803 757; x_wconf 87' lang='lat' dir='ltr'><strong>donique</strong></span> <span class='ocrx_word' id='word_1_29' title='bbox 830 683 925 747; x_wconf 81' lang='lat' dir='ltr'><strong>totus,</strong></span> <span class='ocrx_word' id='word_1_30' title='bbox 955 672 1010 757; x_wconf 90' lang='lat' dir='ltr'><strong>qui</strong></span> <span class='ocrx_word' id='word_1_31' title='bbox 1039 695 1146 737; x_wconf 89' lang='lat' dir='ltr'><strong>sermo</strong></span> <span class='ocrx_word' id='word_1_32' title='bbox 1171 674 1299 760; x_wconf 88' lang='lat' dir='ltr'><strong>quidam</strong></span> <span class='ocrx_word' id='word_1_33' title='bbox 1326 688 1379 737; x_wconf 88' lang='lat' dir='ltr'><strong>ta·</strong></span> 
     </span>
     <span class='ocr_line' id='line_1_5' title="bbox 199 755 1377 842; baseline -0.004 -14"><span class='ocrx_word' id='word_1_34' title='bbox 199 765 280 829; x_wconf 89' lang='lat' dir='ltr'><strong>citus</strong></span> <span class='ocrx_word' id='word_1_35' title='bbox 306 765 420 829; x_wconf 89' lang='lat' dir='ltr'><strong>mentis</strong></span> <span class='ocrx_word' id='word_1_36' title='bbox 452 776 507 834; x_wconf 86' lang='lat' dir='ltr'><strong>est,</strong></span> <span class='ocrx_word' id='word_1_37' title='bbox 542 760 594 822; x_wconf 91' lang='lat' dir='ltr'><strong>hic</strong></span> <span class='ocrx_word' id='word_1_38' title='bbox 617 759 649 820; x_wconf 94' lang='lat' dir='ltr'><strong>in</strong></span> <span class='ocrx_word' id='word_1_39' title='bbox 681 756 847 820; x_wconf 74' lang='lat' dir='ltr'><strong>bfraudem</strong></span> <span class='ocrx_word' id='word_1_40' title='bbox 880 755 1025 820; x_wconf 85' lang='lat' dir='ltr'><strong>homines</strong></span> <span class='ocrx_word' id='word_1_41' title='bbox 1048 758 1193 842; x_wconf 84' lang='lat' dir='ltr'><strong>impulit:</strong></span> <span class='ocrx_word' id='word_1_42' title='bbox 1228 757 1282 824; x_wconf 90' lang='lat' dir='ltr'><strong>bic</strong></span> <span class='ocrx_word' id='word_1_43' title='bbox 1307 781 1377 836; x_wconf 69' lang='lat' dir='ltr'><strong>eoa,</strong></span> 
     </span>
     <span class='ocr_line' id='line_1_6' title="bbox 198 839 1379 936; baseline -0.005 -22"><span class='ocrx_word' id='word_1_44' title='bbox 198 853 314 936; x_wconf 88' lang='lat' dir='ltr'><strong>quibus</strong></span> <span class='ocrx_word' id='word_1_45' title='bbox 357 871 424 911; x_wconf 86' lang='lat' dir='ltr'><strong>erus</strong></span> <span class='ocrx_word' id='word_1_46' title='bbox 459 847 596 930; x_wconf 82' lang='lat' dir='ltr'><strong>ignotus,</strong></span> <span class='ocrx_word' id='word_1_47' title='bbox 644 841 780 927; x_wconf 82' lang='lat' dir='ltr'><strong>decepit,</strong></span> <span class='ocrx_word' id='word_1_48' title='bbox 819 839 937 916; x_wconf 84' lang='lat' dir='ltr'><strong>l&#39;efellit,</strong></span> <span class='ocrx_word' id='word_1_49' title='bbox 984 840 1120 906; x_wconf 83' lang='lat' dir='ltr'>induxit.</span> <span class='ocrx_word' id='word_1_50' title='bbox 1183 844 1281 909; x_wconf 85' lang='lat' dir='ltr'>Pauci</span> <span class='ocrx_word' id='word_1_51' title='bbox 1313 846 1379 908; x_wconf 84' lang='lat' dir='ltr'><strong>ista</strong></span> 
     </span>
    </p>

    <p class='ocr_par' dir='ltr' id='par_1_3' title="bbox 130 925 1381 1867">
     <span class='ocr_line' id='line_1_7' title="bbox 130 925 1380 1014; baseline -0.004 -14"><span class='ocrx_word' id='word_1_52' title='bbox 130 938 135 955; x_wconf 89' lang='lat'>&#39;</span> <span class='ocrx_word' id='word_1_53' title='bbox 196 950 253 1000; x_wconf 89' lang='lat' dir='ltr'><strong>tua</strong></span> <span class='ocrx_word' id='word_1_54' title='bbox 278 935 430 1000; x_wconf 84' lang='lat' dir='ltr'><strong>lutulenta</strong></span> <span class='ocrx_word' id='word_1_55' title='bbox 459 929 534 993; x_wconf 81' lang='lat' dir='ltr'><strong>vitia</strong></span> <span class='ocrx_word' id='word_1_56' title='bbox 562 946 771 1003; x_wconf 72' lang='lat' dir='ltr'><strong>noveramu33</strong></span> <span class='ocrx_word' id='word_1_57' title='bbox 810 927 903 1013; x_wconf 85' lang='lat' dir='ltr'><strong>pauci</strong></span> <span class='ocrx_word' id='word_1_58' title='bbox 928 925 1110 995; x_wconf 74' lang='lat' dir='ltr'><strong>tarditatem</strong></span> <span class='ocrx_word' id='word_1_59' title='bbox 1139 928 1272 1014; x_wconf 75' lang='lat' dir='ltr'><strong>ingenii,</strong></span> <span class='ocrx_word' id='word_1_60' title='bbox 1308 943 1380 995; x_wconf 79' lang='lat' dir='ltr'><strong>atu·</strong></span> 
     </span>
     <span class='ocr_line' id='line_1_8' title="bbox 197 1010 1380 1107; baseline -0.004 -22"><span class='ocrx_word' id='word_1_61' title='bbox 197 1016 317 1107; x_wconf 72' lang='lat' dir='ltr'><strong>porim,</strong></span> <span class='ocrx_word' id='word_1_62' title='bbox 347 1015 604 1102; x_wconf 81' lang='lat' dir='ltr'><strong>debilitatemque</strong></span> <span class='ocrx_word' id='word_1_63' title='bbox 633 1013 762 1100; x_wconf 74' lang='lat' dir='ltr'><strong>lingum.</strong></span> <span class='ocrx_word' id='word_1_64' title='bbox 806 1010 978 1097; x_wconf 82' lang='lat' dir='ltr'>Nunquam</span> <span class='ocrx_word' id='word_1_65' title='bbox 1012 1026 1080 1076; x_wconf 87' lang='lat' dir='ltr'><strong>erat</strong></span> <span class='ocrx_word' id='word_1_66' title='bbox 1112 1012 1222 1076; x_wconf 87' lang='lat' dir='ltr'><strong>audita</strong></span> <span class='ocrx_word' id='word_1_67' title='bbox 1249 1039 1314 1080; x_wconf 82' lang='lat' dir='ltr'><strong>vox</strong></span> <span class='ocrx_word' id='word_1_68' title='bbox 1343 1018 1380 1080; x_wconf 87' lang='lat' dir='ltr'><strong>in</strong></span> 
     </span>
     <span class='ocr_line' id='line_1_9' title="bbox 146 1096 1379 1186; baseline -0.002 -18"><span class='ocrx_word' id='word_1_69' title='bbox 146 1115 184 1171; x_wconf 85' lang='lat'><strong>10</strong></span> <span class='ocrx_word' id='word_1_70' title='bbox 198 1107 282 1179; x_wconf 79' lang='lat' dir='ltr'><strong>l‘or03</strong></span> <span class='ocrx_word' id='word_1_71' title='bbox 316 1123 479 1186; x_wconf 88' lang='lat' dir='ltr'><strong>nunquam</strong></span> <span class='ocrx_word' id='word_1_72' title='bbox 504 1100 683 1185; x_wconf 84' lang='lat' dir='ltr'><strong>periculum</strong></span> <span class='ocrx_word' id='word_1_73' title='bbox 708 1098 827 1163; x_wconf 84' lang='lat' dir='ltr'><strong>factum</strong></span> <span class='ocrx_word' id='word_1_74' title='bbox 853 1097 994 1174; x_wconf 77' lang='lat' dir='ltr'><strong>consilii3</strong></span> <span class='ocrx_word' id='word_1_75' title='bbox 1023 1096 1146 1162; x_wconf 91' lang='lat' dir='ltr'><strong>nullum</strong></span> <span class='ocrx_word' id='word_1_76' title='bbox 1172 1120 1237 1162; x_wconf 92' lang='lat' dir='ltr'><strong>non</strong></span> <span class='ocrx_word' id='word_1_77' title='bbox 1268 1101 1379 1165; x_wconf 78' lang='lat' dir='ltr'><strong>modi&gt;</strong></span> 
     </span>
     <span class='ocr_line' id='line_1_10' title="bbox 195 1182 1377 1272; baseline -0.003 -18"><span class='ocrx_word' id='word_1_78' title='bbox 195 1192 323 1264; x_wconf 78' lang='lat' dir='ltr'><strong>illustre,</strong></span> <span class='ocrx_word' id='word_1_79' title='bbox 358 1186 412 1250; x_wconf 87' lang='lat' dir='ltr'><strong>sed</strong></span> <span class='ocrx_word' id='word_1_80' title='bbox 438 1209 481 1251; x_wconf 84' lang='lat' dir='ltr'><strong>ne</strong></span> <span class='ocrx_word' id='word_1_81' title='bbox 509 1200 621 1269; x_wconf 80' lang='lat' dir='ltr'><strong>notum</strong></span> <span class='ocrx_word' id='word_1_82' title='bbox 650 1184 780 1272; x_wconf 84' lang='lat' dir='ltr'><strong>quidem</strong></span> <span class='ocrx_word' id='word_1_83' title='bbox 804 1183 931 1262; x_wconf 79' lang='lat' dir='ltr'><strong>iactum,</strong></span> <span class='ocrx_word' id='word_1_84' title='bbox 963 1196 1018 1248; x_wconf 86' lang='lat' dir='ltr'><strong>aut</strong></span> <span class='ocrx_word' id='word_1_85' title='bbox 1039 1182 1159 1247; x_wconf 80' lang='lat' dir='ltr'><strong>militiae</strong></span> <span class='ocrx_word' id='word_1_86' title='bbox 1184 1197 1240 1248; x_wconf 89' lang='lat' dir='ltr'><strong>aut</strong></span> <span class='ocrx_word' id='word_1_87' title='bbox 1263 1186 1377 1252; x_wconf 86' lang='lat' dir='ltr'><strong>domi.</strong></span> 
     </span>
     <span class='ocr_line' id='line_1_11' title="bbox 194 1267 1381 1358; baseline -0.001 -20"><span class='ocrx_word' id='word_1_88' title='bbox 194 1273 393 1358; x_wconf 81' lang='lat' dir='ltr'><strong>cObrepsisti</strong></span> <span class='ocrx_word' id='word_1_89' title='bbox 415 1273 457 1336; x_wconf 89' lang='lat' dir='ltr'><strong>ad</strong></span> <span class='ocrx_word' id='word_1_90' title='bbox 478 1273 615 1337; x_wconf 85' lang='lat' dir='ltr'><strong>bonores</strong></span> <span class='ocrx_word' id='word_1_91' title='bbox 637 1293 745 1334; x_wconf 86' lang='lat' dir='ltr'><strong>errore</strong></span> <span class='ocrx_word' id='word_1_92' title='bbox 766 1270 943 1344; x_wconf 87' lang='lat' dir='ltr'><strong>bominum,</strong></span> <span class='ocrx_word' id='word_1_93' title='bbox 966 1267 1240 1334; x_wconf 82' lang='lat' dir='ltr'><strong>commendatione</strong></span> <span class='ocrx_word' id='word_1_94' title='bbox 1262 1270 1381 1337; x_wconf 84' lang='lat' dir='ltr'><strong>fumo·</strong></span> 
     </span>
     <span class='ocr_line' id='line_1_12' title="bbox 193 1354 1379 1445; baseline 0.003 -24"><span class='ocrx_word' id='word_1_95' title='bbox 193 1382 298 1422; x_wconf 83' lang='lat' dir='ltr'><strong>sarum</strong></span> <span class='ocrx_word' id='word_1_96' title='bbox 330 1360 522 1445; x_wconf 81' lang='lat' dir='ltr'><strong>imaginum3</strong></span> <span class='ocrx_word' id='word_1_97' title='bbox 558 1380 691 1443; x_wconf 89' lang='lat' dir='ltr'><strong>quarum</strong></span> <span class='ocrx_word' id='word_1_98' title='bbox 722 1355 824 1419; x_wconf 85' lang='lat' dir='ltr'><strong>simile</strong></span> <span class='ocrx_word' id='word_1_99' title='bbox 849 1354 946 1418; x_wconf 82' lang='lat' dir='ltr'><strong>babes</strong></span> <span class='ocrx_word' id='word_1_100' title='bbox 969 1354 1049 1419; x_wconf 87' lang='lat' dir='ltr'><strong>nihil</strong></span> <span class='ocrx_word' id='word_1_101' title='bbox 1075 1366 1189 1439; x_wconf 70' lang='lat' dir='ltr'><strong>practer</strong></span> <span class='ocrx_word' id='word_1_102' title='bbox 1214 1354 1379 1424; x_wconf 89' lang='lat' dir='ltr'><strong>colorem.</strong></span> 
     </span>
     <span class='ocr_line' id='line_1_13' title="bbox 193 1437 1380 1543; baseline -0.001 -34"><span class='ocrx_word' id='word_1_103' title='bbox 193 1445 224 1509; x_wconf 88' lang='lat' dir='ltr'><strong>Is</strong></span> <span class='ocrx_word' id='word_1_104' title='bbox 241 1445 319 1508; x_wconf 90' lang='lat' dir='ltr'><strong>mihi</strong></span> <span class='ocrx_word' id='word_1_105' title='bbox 335 1447 430 1508; x_wconf 89' lang='lat' dir='ltr'><strong>etiam</strong></span> <span class='ocrx_word' id='word_1_106' title='bbox 445 1444 644 1543; x_wconf 74' lang='lat' dir='ltr'><strong>gloriabitur,</strong></span> <span class='ocrx_word' id='word_1_107' title='bbox 668 1464 701 1507; x_wconf 88' lang='lat' dir='ltr'><strong>se</strong></span> <span class='ocrx_word' id='word_1_108' title='bbox 715 1460 826 1507; x_wconf 82' lang='lat' dir='ltr'><strong>omnes</strong></span> <span class='ocrx_word' id='word_1_109' title='bbox 840 1442 1042 1527; x_wconf 74' lang='lat' dir='ltr'><strong>magistratus</strong></span> <span class='ocrx_word' id='word_1_110' title='bbox 1056 1437 1124 1503; x_wconf 76' lang='lat' dir='ltr'><strong>sine</strong></span> <span class='ocrx_word' id='word_1_111' title='bbox 1139 1439 1263 1525; x_wconf 77' lang='lat' dir='ltr'><strong>repulsit</strong></span> <span class='ocrx_word' id='word_1_112' title='bbox 1282 1464 1380 1508; x_wconf 83' lang='lat' dir='ltr'><strong>asse·</strong></span> 
     </span>
     <span class='ocr_line' id='line_1_14' title="bbox 138 1524 1377 1611; baseline -0.001 -17"><span class='ocrx_word' id='word_1_113' title='bbox 138 1540 178 1596; x_wconf 81' lang='lat'><strong>15</strong></span> <span class='ocrx_word' id='word_1_114' title='bbox 192 1530 325 1611; x_wconf 71' lang='lat' dir='ltr'><strong>cutum?</strong></span> <span class='ocrx_word' id='word_1_115' title='bbox 350 1531 436 1595; x_wconf 87' lang='lat' dir='ltr'><strong>Mihi</strong></span> <span class='ocrx_word' id='word_1_116' title='bbox 450 1543 510 1595; x_wconf 78' lang='lat' dir='ltr'><strong>ista</strong></span> <span class='ocrx_word' id='word_1_117' title='bbox 525 1529 598 1593; x_wconf 88' lang='lat' dir='ltr'><strong>licet</strong></span> <span class='ocrx_word' id='word_1_118' title='bbox 613 1529 654 1592; x_wconf 89' lang='lat' dir='ltr'><strong>de</strong></span> <span class='ocrx_word' id='word_1_119' title='bbox 669 1552 719 1593; x_wconf 89' lang='lat' dir='ltr'><strong>me</strong></span> <span class='ocrx_word' id='word_1_120' title='bbox 733 1526 810 1592; x_wconf 73' lang='lat' dir='ltr'><strong>vera</strong></span> <span class='ocrx_word' id='word_1_121' title='bbox 824 1549 896 1590; x_wconf 90' lang='lat' dir='ltr'><strong>cum</strong></span> <span class='ocrx_word' id='word_1_122' title='bbox 911 1525 1017 1611; x_wconf 76' lang='lat' dir='ltr'><strong>gloriit</strong></span> <span class='ocrx_word' id='word_1_123' title='bbox 1040 1524 1231 1610; x_wconf 75' lang='lat' dir='ltr'><strong>praedicarer</strong></span> <span class='ocrx_word' id='word_1_124' title='bbox 1254 1549 1377 1593; x_wconf 86' lang='lat' dir='ltr'><strong>omncs</strong></span> 
     </span>
     <span class='ocr_line' id='line_1_15' title="bbox 191 1609 1377 1702; baseline -0.003 -21"><span class='ocrx_word' id='word_1_125' title='bbox 191 1618 277 1681; x_wconf 88' lang='lat' dir='ltr'><strong>enim</strong></span> <span class='ocrx_word' id='word_1_126' title='bbox 300 1616 461 1681; x_wconf 85' lang='lat' dir='ltr'><strong>dbonores</strong></span> <span class='ocrx_word' id='word_1_127' title='bbox 474 1614 611 1702; x_wconf 85' lang='lat' dir='ltr'><strong>populus</strong></span> <span class='ocrx_word' id='word_1_128' title='bbox 628 1614 795 1679; x_wconf 71' lang='lat' dir='ltr'><strong>Romanus</strong></span> <span class='ocrx_word' id='word_1_129' title='bbox 810 1611 974 1696; x_wconf 89' lang='lat' dir='ltr'><strong>mihiipsi,</strong></span> <span class='ocrx_word' id='word_1_130' title='bbox 998 1609 1120 1675; x_wconf 89' lang='lat' dir='ltr'><strong>bomini</strong></span> <span class='ocrx_word' id='word_1_131' title='bbox 1132 1633 1225 1688; x_wconf 78' lang='lat' dir='ltr'><strong>novo,</strong></span> <span class='ocrx_word' id='word_1_132' title='bbox 1241 1610 1377 1679; x_wconf 75' lang='lat' dir='ltr'><strong>detulit</strong></span> 
     </span>
     <span class='ocr_line' id='line_1_16' title="bbox 193 1697 1370 1789; baseline -0.005 -21"><span class='ocrx_word' id='word_1_133' title='bbox 193 1700 289 1777; x_wconf 88' lang='lat' dir='ltr'><strong>Nam,</strong></span> <span class='ocrx_word' id='word_1_134' title='bbox 305 1719 338 1767; x_wconf 90' lang='lat' dir='ltr'><strong>tu</strong></span> <span class='ocrx_word' id='word_1_135' title='bbox 354 1702 426 1766; x_wconf 75' lang='lat' dir='ltr'><strong>cum</strong></span> <span class='ocrx_word' id='word_1_136' title='bbox 442 1717 582 1789; x_wconf 87' lang='lat' dir='ltr'><strong>quaestor</strong></span> <span class='ocrx_word' id='word_1_137' title='bbox 596 1724 630 1764; x_wconf 84' lang='lat' dir='ltr'><strong>ea</strong></span> <span class='ocrx_word' id='word_1_138' title='bbox 648 1701 757 1776; x_wconf 81' lang='lat' dir='ltr'><strong>sactus,</strong></span> <span class='ocrx_word' id='word_1_139' title='bbox 784 1699 879 1762; x_wconf 86' lang='lat' dir='ltr'><strong>etiam</strong></span> <span class='ocrx_word' id='word_1_140' title='bbox 903 1698 957 1782; x_wconf 93' lang='lat' dir='ltr'><strong>qui</strong></span> <span class='ocrx_word' id='word_1_141' title='bbox 981 1710 1012 1761; x_wconf 92' lang='lat' dir='ltr'><strong>te</strong></span> <span class='ocrx_word' id='word_1_142' title='bbox 1026 1714 1190 1781; x_wconf 87' lang='lat' dir='ltr'><strong>nunquam</strong></span> <span class='ocrx_word' id='word_1_143' title='bbox 1211 1697 1370 1778; x_wconf 84' lang='lat' dir='ltr'><strong>videraut,</strong></span> 
     </span>
     <span class='ocr_line' id='line_1_17' title="bbox 191 1780 1373 1867; baseline -0.003 -13"><span class='ocrx_word' id='word_1_144' title='bbox 191 1802 300 1854; x_wconf 88' lang='lat' dir='ltr'><strong>tamen</strong></span> <span class='ocrx_word' id='word_1_145' title='bbox 315 1789 404 1853; x_wconf 91' lang='lat' dir='ltr'><strong>illum</strong></span> <span class='ocrx_word' id='word_1_146' title='bbox 426 1786 727 1867; x_wconf 30' lang='lat' dir='ltr'><strong>bonorem-nomini</strong></span> <span class='ocrx_word' id='word_1_147' title='bbox 750 1783 969 1849; x_wconf 77' lang='lat' dir='ltr'><strong>emundabant</strong></span> <span class='ocrx_word' id='word_1_148' title='bbox 992 1794 1059 1849; x_wconf 85' lang='lat' dir='ltr'><strong>tuo.</strong></span> <span class='ocrx_word' id='word_1_149' title='bbox 1104 1780 1220 1847; x_wconf 83' lang='lat' dir='ltr'><strong>AEdilis</strong></span> <span class='ocrx_word' id='word_1_150' title='bbox 1245 1804 1279 1847; x_wconf 86' lang='lat' dir='ltr'><strong>es</strong></span> <span class='ocrx_word' id='word_1_151' title='bbox 1303 1784 1373 1850; x_wconf 84' lang='lat' dir='ltr'><strong>fao-</strong></span> 
     </span>
    </p>
   </div>
   <div class='ocr_carea' id='block_1_3' title="bbox 190 2014 1366 2131">
    <p class='ocr_par' dir='ltr' id='par_1_4' title="bbox 190 2014 1366 2131">
     <span class='ocr_line' id='line_1_18' title="bbox 190 2014 1366 2131; baseline -0.002 -18"><span class='ocrx_word' id='word_1_152' title='bbox 190 2014 345 2125; x_wconf 69' lang='lat' dir='ltr'><strong>beirorem.</strong></span> <span class='ocrx_word' id='word_1_153' title='bbox 445 2051 621 2131; x_wconf 62' lang='lat' dir='ltr'><strong>‘pertinuisti</strong></span> <span class='ocrx_word' id='word_1_154' title='bbox 633 2051 717 2111; x_wconf 86' lang='lat' dir='ltr'><strong>clam.</strong></span> <span class='ocrx_word' id='word_1_155' title='bbox 825 2046 1045 2127; x_wconf 52' lang='lat' dir='ltr'><strong>imaginatas.</strong></span> <span class='ocrx_word' id='word_1_156' title='bbox 1143 2047 1366 2112; x_wconf 52' lang='lat' dir='ltr'><strong>emanabant.</strong></span> 
     </span>
    </p>
   </div>
   <div class='ocr_carea' id='block_1_4' title="bbox 83 2363 1364 4442">
    <p class='ocr_par' dir='ltr' id='par_1_5' title="bbox 83 2363 1364 4442">
     <span class='ocr_line' id='line_1_19' title="bbox 185 2363 1364 2428; baseline 0.005 -17"><span class='ocrx_word' id='word_1_157' title='bbox 185 2367 272 2412; x_wconf 76' lang='lat' dir='ltr'><strong>Strabo</strong></span> <span class='ocrx_word' id='word_1_158' title='bbox 284 2366 324 2422; x_wconf 82' lang='lat' dir='ltr'><strong>nit,</strong></span> <span class='ocrx_word' id='word_1_159' title='bbox 341 2365 381 2412; x_wconf 92' lang='lat' dir='ltr'><strong>lib.</strong></span> <span class='ocrx_word' id='word_1_160' title='bbox 394 2369 417 2412; x_wconf 84' lang='grc'><strong>7.</strong></span> <span class='ocrx_word' id='word_1_161' title='bbox 430 2374 455 2413; x_wconf 87' lang='lat' dir='ltr'><strong>et</strong></span> <span class='ocrx_word' id='word_1_162' title='bbox 464 2381 511 2428; x_wconf 80' lang='lat' dir='ltr'><strong>prro</strong></span> <span class='ocrx_word' id='word_1_163' title='bbox 522 2365 611 2414; x_wconf 69' lang='lat' dir='ltr'><strong>coeteris</strong></span> <span class='ocrx_word' id='word_1_164' title='bbox 625 2364 759 2412; x_wconf 82' lang='lat' dir='ltr'><strong>nationibus</strong></span> <span class='ocrx_word' id='word_1_165' title='bbox 790 2363 866 2426; x_wconf 74' lang='lat' dir='ltr'><strong>anau]</strong></span> <span class='ocrx_word' id='word_1_166' title='bbox 899 2364 971 2413; x_wconf 86' lang='lat' dir='ltr'><strong>Suam</strong></span> <span class='ocrx_word' id='word_1_167' title='bbox 996 2365 1144 2415; x_wconf 81' lang='lat' dir='ltr'><strong>nobilitatem</strong></span> <span class='ocrx_word' id='word_1_168' title='bbox 1167 2367 1364 2417; x_wconf 74' lang='lat' dir='ltr'><strong>commendabant</strong></span> 
     </span>
     <span class='ocr_line' id='line_1_20' title="bbox 187 2427 1362 2497; baseline 0.004 -21"><span class='ocrx_word' id='word_1_169' title='bbox 187 2430 236 2477; x_wconf 83' lang='lat' dir='ltr'><strong>nati</strong></span> <span class='ocrx_word' id='word_1_170' title='bbox 247 2431 342 2478; x_wconf 86' lang='lat' dir='ltr'><strong>fuerunt</strong></span> <span class='ocrx_word' id='word_1_171' title='bbox 352 2434 382 2479; x_wconf 88' lang='lat' dir='ltr'><strong>ad</strong></span> <span class='ocrx_word' id='word_1_172' title='bbox 399 2432 534 2478; x_wconf 74' lang='lat' dir='ltr'><strong>servitutem</strong></span> <span class='ocrx_word' id='word_1_173' title='bbox 550 2431 612 2494; x_wconf 73' lang='lat' dir='ltr'><strong>Syri,</strong></span> <span class='ocrx_word' id='word_1_174' title='bbox 629 2430 717 2481; x_wconf 73' lang='lat' dir='ltr'><strong>ludaei.</strong></span> <span class='ocrx_word' id='word_1_175' title='bbox 734 2436 760 2476; x_wconf 89' lang='lat' dir='ltr'><strong>et</strong></span> <span class='ocrx_word' id='word_1_176' title='bbox 791 2427 895 2476; x_wconf 79' lang='lat' dir='ltr'><strong>Rotnani</strong></span> <span class='ocrx_word' id='word_1_177' title='bbox 905 2431 1041 2479; x_wconf 71' lang='lat' dir='ltr'><strong>ostensione</strong></span> <span class='ocrx_word' id='word_1_178' title='bbox 1052 2431 1188 2497; x_wconf 79' lang='lat' dir='ltr'><strong>imaginum,</strong></span> <span class='ocrx_word' id='word_1_179' title='bbox 1198 2447 1255 2496; x_wconf 85' lang='lat' dir='ltr'><strong>quaa</strong></span> <span class='ocrx_word' id='word_1_180' title='bbox 1265 2448 1362 2483; x_wconf 80' lang='lat' dir='ltr'><strong>auorum</strong></span> 
     </span>
     <span class='ocr_line' id='line_1_21' title="bbox 187 2492 1362 2564; baseline 0.003 -22"><span class='ocrx_word' id='word_1_181' title='bbox 187 2494 759 2557; x_wconf 78' lang='lat' dir='ltr'><strong>Cappadocea,utdixit0rat.doProvinc.Con·</strong></span> <span class='ocrx_word' id='word_1_182' title='bbox 790 2492 905 2556; x_wconf 88' lang='lat' dir='ltr'><strong>majomm</strong></span> <span class='ocrx_word' id='word_1_183' title='bbox 916 2497 1067 2544; x_wconf 75' lang='lat' dir='ltr'><strong>asservabant</strong></span> <span class='ocrx_word' id='word_1_184' title='bbox 1077 2497 1101 2543; x_wconf 89' lang='lat' dir='ltr'><strong>in</strong></span> <span class='ocrx_word' id='word_1_185' title='bbox 1119 2498 1204 2545; x_wconf 74' lang='lat' dir='ltr'><strong>adium</strong></span> <span class='ocrx_word' id='word_1_186' title='bbox 1223 2499 1303 2555; x_wconf 61' lang='lat' dir='ltr'><strong>atilio:</strong></span> <span class='ocrx_word' id='word_1_187' title='bbox 1313 2500 1362 2564; x_wconf 79' lang='lat' dir='ltr'><strong>so·</strong></span> 
     </span>
     <span class='ocr_line' id='line_1_22' title="bbox 187 2559 1362 2626; baseline 0.004 -20"><span class='ocrx_word' id='word_1_188' title='bbox 187 2559 232 2607; x_wconf 88' lang='lat' dir='ltr'><strong>aul.</strong></span> <span class='ocrx_word' id='word_1_189' title='bbox 255 2560 359 2608; x_wconf 80' lang='lat' dir='ltr'><strong>Censent</strong></span> <span class='ocrx_word' id='word_1_190' title='bbox 368 2561 440 2625; x_wconf 88' lang='lat' dir='ltr'><strong>aliqui</strong></span> <span class='ocrx_word' id='word_1_191' title='bbox 449 2561 487 2610; x_wconf 90' lang='lat' dir='ltr'><strong>bio</strong></span> <span class='ocrx_word' id='word_1_192' title='bbox 496 2560 622 2610; x_wconf 88' lang='lat' dir='ltr'><strong>Gabinium</strong></span> <span class='ocrx_word' id='word_1_193' title='bbox 630 2560 757 2623; x_wconf 76' lang='lat' dir='ltr'><strong>designari,</strong></span> <span class='ocrx_word' id='word_1_194' title='bbox 788 2573 857 2605; x_wconf 73' lang='lat' dir='ltr'><strong>motat</strong></span> <span class='ocrx_word' id='word_1_195' title='bbox 875 2560 931 2607; x_wconf 64' lang='grc' dir='ltr'><strong>τετὸ</strong></span> <span class='ocrx_word' id='word_1_196' title='bbox 951 2561 1065 2625; x_wconf 80' lang='lat' dir='ltr'><strong>appellat,</strong></span> <span class='ocrx_word' id='word_1_197' title='bbox 1087 2568 1128 2608; x_wconf 87' lang='lat' dir='ltr'><strong>aut</strong></span> <span class='ocrx_word' id='word_1_198' title='bbox 1146 2562 1202 2626; x_wconf 90' lang='lat' dir='ltr'><strong>quia</strong></span> <span class='ocrx_word' id='word_1_199' title='bbox 1221 2563 1362 2626; x_wconf 79' lang='lat' dir='ltr'><strong>antiquitate</strong></span> 
     </span>
     <span class='ocr_line' id='line_1_23' title="bbox 186 2623 1361 2690; baseline 0.003 -16"><span class='ocrx_word' id='word_1_200' title='bbox 186 2625 229 2689; x_wconf 88' lang='lat' dir='ltr'><strong>qui</strong></span> <span class='ocrx_word' id='word_1_201' title='bbox 240 2624 314 2690; x_wconf 73' lang='lat' dir='ltr'><strong>Syria</strong></span> <span class='ocrx_word' id='word_1_202' title='bbox 325 2636 430 2690; x_wconf 70' lang='lat' dir='ltr'><strong>praerat.</strong></span> <span class='ocrx_word' id='word_1_203' title='bbox 788 2623 946 2685; x_wconf 77' lang='lat' dir='ltr'><strong>nigredinem,</strong></span> <span class='ocrx_word' id='word_1_204' title='bbox 963 2635 1003 2674; x_wconf 87' lang='lat' dir='ltr'><strong>aut</strong></span> <span class='ocrx_word' id='word_1_205' title='bbox 1018 2626 1074 2689; x_wconf 89' lang='lat' dir='ltr'><strong>quia</strong></span> <span class='ocrx_word' id='word_1_206' title='bbox 1088 2626 1178 2689; x_wconf 74' lang='lat' dir='ltr'><strong>ignibus</strong></span> <span class='ocrx_word' id='word_1_207' title='bbox 1195 2642 1273 2675; x_wconf 84' lang='lat' dir='ltr'><strong>coram</strong></span> <span class='ocrx_word' id='word_1_208' title='bbox 1285 2629 1361 2677; x_wconf 78' lang='lat' dir='ltr'><strong>iirae·</strong></span> 
     </span>
     <span class='ocr_line' id='line_1_24' title="bbox 220 2686 1360 2756; baseline 0.002 -17"><span class='ocrx_word' id='word_1_209' title='bbox 220 2693 244 2739; x_wconf 79' lang='lat'><strong>3.</strong></span> <span class='ocrx_word' id='word_1_210' title='bbox 263 2690 424 2756; x_wconf 67' lang='lat' dir='ltr'><strong>Noricorum]</strong></span> <span class='ocrx_word' id='word_1_211' title='bbox 458 2690 572 2753; x_wconf 83' lang='lat' dir='ltr'><strong>Loquitur</strong></span> <span class='ocrx_word' id='word_1_212' title='bbox 587 2690 618 2737; x_wconf 90' lang='lat' dir='ltr'><strong>dc</strong></span> <span class='ocrx_word' id='word_1_213' title='bbox 635 2686 757 2739; x_wconf 75' lang='lat' dir='ltr'><strong>venalibus</strong></span> <span class='ocrx_word' id='word_1_214' title='bbox 789 2689 864 2736; x_wconf 71' lang='lat' dir='ltr'><strong>censis</strong></span> <span class='ocrx_word' id='word_1_215' title='bbox 874 2687 1005 2753; x_wconf 79' lang='lat' dir='ltr'><strong>fuliginem,</strong></span> <span class='ocrx_word' id='word_1_216' title='bbox 1016 2700 1183 2740; x_wconf 80' lang='lat' dir='ltr'><strong>contraxerant</strong></span> <span class='ocrx_word' id='word_1_217' title='bbox 1217 2692 1286 2740; x_wconf 80' lang='lat' dir='ltr'><strong>Soliti</strong></span> <span class='ocrx_word' id='word_1_218' title='bbox 1296 2695 1360 2741; x_wconf 87' lang='lat' dir='ltr'><strong>enirn</strong></span> 
     </span>
     <span class='ocr_line' id='line_1_25' title="bbox 187 2752 1360 2823; baseline 0.006 -22"><span class='ocrx_word' id='word_1_219' title='bbox 187 2754 234 2802; x_wconf 80' lang='lat' dir='ltr'><strong>illia</strong></span> <span class='ocrx_word' id='word_1_220' title='bbox 246 2759 326 2813; x_wconf 75' lang='lat' dir='ltr'><strong>serris,</strong></span> <span class='ocrx_word' id='word_1_221' title='bbox 337 2759 377 2823; x_wconf 89' lang='lat' dir='ltr'><strong>qui</strong></span> <span class='ocrx_word' id='word_1_222' title='bbox 389 2766 494 2807; x_wconf 78' lang='lat' dir='ltr'><strong>recenter</strong></span> <span class='ocrx_word' id='word_1_223' title='bbox 503 2756 607 2804; x_wconf 87' lang='lat' dir='ltr'><strong>nondum</strong></span> <span class='ocrx_word' id='word_1_224' title='bbox 617 2770 757 2818; x_wconf 80' lang='lat' dir='ltr'><strong>perannum</strong></span> <span class='ocrx_word' id='word_1_225' title='bbox 790 2752 892 2800; x_wconf 81' lang='lat' dir='ltr'><strong>Romani</strong></span> <span class='ocrx_word' id='word_1_226' title='bbox 904 2755 988 2805; x_wconf 74' lang='lat' dir='ltr'><strong>diebus</strong></span> <span class='ocrx_word' id='word_1_227' title='bbox 998 2756 1063 2805; x_wconf 77' lang='lat' dir='ltr'><strong>scatia</strong></span> <span class='ocrx_word' id='word_1_228' title='bbox 1073 2763 1128 2804; x_wconf 77' lang='lat' dir='ltr'><strong>ante</strong></span> <span class='ocrx_word' id='word_1_229' title='bbox 1137 2773 1177 2804; x_wconf 79' lang='lat' dir='ltr'><strong>eas</strong></span> <span class='ocrx_word' id='word_1_230' title='bbox 1186 2757 1241 2813; x_wconf 61' lang='lat' dir='ltr'><strong>thur</strong></span> <span class='ocrx_word' id='word_1_231' title='bbox 1249 2766 1274 2805; x_wconf 89' lang='lat' dir='ltr'><strong>et</strong></span> <span class='ocrx_word' id='word_1_232' title='bbox 1281 2775 1360 2807; x_wconf 81' lang='lat' dir='ltr'><strong>cereoa</strong></span> 
     </span>
     <span class='ocr_line' id='line_1_26' title="bbox 185 2820 1307 2876; baseline 0.004 -9"><span class='ocrx_word' id='word_1_233' title='bbox 185 2821 324 2869; x_wconf 76' lang='lat' dir='ltr'><strong>serr-ierant.</strong></span> <span class='ocrx_word' id='word_1_234' title='bbox 788 2820 928 2876; x_wconf 80' lang='lat' dir='ltr'><strong>accendere,</strong></span> <span class='ocrx_word' id='word_1_235' title='bbox 940 2831 966 2867; x_wconf 89' lang='lat' dir='ltr'><strong>ut</strong></span> <span class='ocrx_word' id='word_1_236' title='bbox 975 2820 1084 2870; x_wconf 66' lang='lat' dir='ltr'><strong>dicituro</strong></span> <span class='ocrx_word' id='word_1_237' title='bbox 1095 2820 1145 2869; x_wconf 89' lang='lat' dir='ltr'><strong>Cio.</strong></span> <span class='ocrx_word' id='word_1_238' title='bbox 1157 2822 1196 2869; x_wconf 91' lang='lat' dir='ltr'><strong>lib.</strong></span> <span class='ocrx_word' id='word_1_239' title='bbox 1208 2825 1232 2871; x_wconf 76' lang='lat'><strong>3.</strong></span> <span class='ocrx_word' id='word_1_240' title='bbox 1245 2823 1307 2871; x_wconf 85' lang='lat' dir='ltr'><strong>Offic</strong></span> 
     </span>
     <span class='ocr_line' id='line_1_27' title="bbox 220 2883 1357 2951; baseline 0.004 -20"><span class='ocrx_word' id='word_1_241' title='bbox 220 2884 258 2933; x_wconf 89' lang='lat' dir='ltr'><strong>Ib.</strong></span> <span class='ocrx_word' id='word_1_242' title='bbox 284 2887 347 2933; x_wconf 78' lang='lat' dir='ltr'><strong>Coier</strong></span> <span class='ocrx_word' id='word_1_243' title='bbox 363 2887 404 2933; x_wconf 79' lang='lat' dir='ltr'><strong>iate</strong></span> <span class='ocrx_word' id='word_1_244' title='bbox 420 2883 523 2947; x_wconf 75' lang='lat' dir='ltr'><strong>cervilia]</strong></span> <span class='ocrx_word' id='word_1_245' title='bbox 552 2883 635 2931; x_wconf 80' lang='lat' dir='ltr'><strong>Atmm</strong></span> <span class='ocrx_word' id='word_1_246' title='bbox 654 2884 757 2933; x_wconf 87' lang='lat' dir='ltr'><strong>colorem</strong></span> <span class='ocrx_word' id='word_1_247' title='bbox 822 2889 860 2930; x_wconf 83' lang='lat'><strong>14.</strong></span> <span class='ocrx_word' id='word_1_248' title='bbox 877 2883 1205 2951; x_wconf 52' lang='lat' dir='ltr'><strong>trientabulumque]</strong></span> <span class='ocrx_word' id='word_1_249' title='bbox 1228 2885 1283 2936; x_wconf 78' lang='lat' dir='ltr'><strong>Piso</strong></span> <span class='ocrx_word' id='word_1_250' title='bbox 1302 2904 1357 2936; x_wconf 83' lang='lat' dir='ltr'><strong>con·</strong></span> 
     </span>
     <span class='ocr_line' id='line_1_28' title="bbox 181 2948 1358 3017; baseline 0.005 -22"><span class='ocrx_word' id='word_1_251' title='bbox 181 2949 284 3003; x_wconf 73' lang='lat' dir='ltr'><strong>indicat,</strong></span> <span class='ocrx_word' id='word_1_252' title='bbox 295 2968 343 3014; x_wconf 86' lang='lat' dir='ltr'><strong>qno</strong></span> <span class='ocrx_word' id='word_1_253' title='bbox 354 2948 453 2996; x_wconf 74' lang='lat' dir='ltr'><strong>manime</strong></span> <span class='ocrx_word' id='word_1_254' title='bbox 462 2951 556 2996; x_wconf 83' lang='lat' dir='ltr'><strong>luerunt</strong></span> <span class='ocrx_word' id='word_1_255' title='bbox 566 2950 628 3013; x_wconf 79' lang='lat' dir='ltr'><strong>Syri.</strong></span> <span class='ocrx_word' id='word_1_256' title='bbox 686 2954 689 2961; x_wconf 70' lang='lat'><strong>⁴</strong></span> <span class='ocrx_word' id='word_1_257' title='bbox 790 2948 975 2999; x_wconf 78' lang='lat' dir='ltr'><strong>traGicerouern</strong></span> <span class='ocrx_word' id='word_1_258' title='bbox 992 2952 1083 2999; x_wconf 72' lang='lat' dir='ltr'><strong>dircrm</strong></span> <span class='ocrx_word' id='word_1_259' title='bbox 1099 2967 1124 2998; x_wconf 80' lang='lat' dir='ltr'><strong>ae</strong></span> <span class='ocrx_word' id='word_1_260' title='bbox 1142 2968 1223 3000; x_wconf 69' lang='lat' dir='ltr'><strong>ornae·</strong></span> <span class='ocrx_word' id='word_1_261' title='bbox 1239 2954 1358 3017; x_wconf 74' lang='lat' dir='ltr'><strong>mgistra-</strong></span> 
     </span>
     <span class='ocr_line' id='line_1_29' title="bbox 220 3013 1357 3091; baseline 0.004 -30"><span class='ocrx_word' id='word_1_262' title='bbox 220 3019 243 3061; x_wconf 82' lang='lat'><strong>4.</strong></span> <span class='ocrx_word' id='word_1_263' title='bbox 261 3014 347 3091; x_wconf 72' lang='lat' dir='ltr'><strong>Oculi]</strong></span> <span class='ocrx_word' id='word_1_264' title='bbox 366 3013 435 3062; x_wconf 85' lang='lat' dir='ltr'><strong>Oculi</strong></span> <span class='ocrx_word' id='word_1_265' title='bbox 443 3014 509 3078; x_wconf 74' lang='lat' dir='ltr'><strong>quasi</strong></span> <span class='ocrx_word' id='word_1_266' title='bbox 520 3015 596 3061; x_wconf 87' lang='lat' dir='ltr'><strong>nuntii</strong></span> <span class='ocrx_word' id='word_1_267' title='bbox 607 3014 756 3062; x_wconf 82' lang='lat' dir='ltr'><strong>suntanimi:</strong></span> <span class='ocrx_word' id='word_1_268' title='bbox 790 3020 827 3059; x_wconf 74' lang='lat' dir='ltr'><strong>tus</strong></span> <span class='ocrx_word' id='word_1_269' title='bbox 837 3014 950 3077; x_wconf 85' lang='lat' dir='ltr'><strong>adeptum</strong></span> <span class='ocrx_word' id='word_1_270' title='bbox 967 3031 1033 3073; x_wconf 77' lang='lat' dir='ltr'><strong>csse3</strong></span> <span class='ocrx_word' id='word_1_271' title='bbox 1050 3017 1091 3063; x_wconf 81' lang='lat' dir='ltr'><strong>scd</strong></span> <span class='ocrx_word' id='word_1_272' title='bbox 1109 3016 1143 3064; x_wconf 89' lang='lat' dir='ltr'><strong>illi</strong></span> <span class='ocrx_word' id='word_1_273' title='bbox 1157 3017 1252 3080; x_wconf 83' lang='lat' dir='ltr'><strong>reponit</strong></span> <span class='ocrx_word' id='word_1_274' title='bbox 1267 3019 1357 3072; x_wconf 80' lang='lat' dir='ltr'><strong>Cicero,</strong></span> 
     </span>
     <span class='ocr_line' id='line_1_30' title="bbox 186 3077 1356 3145; baseline 0.005 -20"><span class='ocrx_word' id='word_1_275' title='bbox 186 3093 215 3125; x_wconf 82' lang='lat' dir='ltr'><strong>ex</strong></span> <span class='ocrx_word' id='word_1_276' title='bbox 228 3079 256 3126; x_wconf 81' lang='lat' dir='ltr'><strong>iia</strong></span> <span class='ocrx_word' id='word_1_277' title='bbox 267 3081 329 3126; x_wconf 87' lang='lat' dir='ltr'><strong>enim</strong></span> <span class='ocrx_word' id='word_1_278' title='bbox 339 3085 418 3136; x_wconf 81' lang='lat' dir='ltr'><strong>natus,</strong></span> <span class='ocrx_word' id='word_1_279' title='bbox 429 3078 505 3134; x_wconf 72' lang='lat' dir='ltr'><strong>lictus,</strong></span> <span class='ocrx_word' id='word_1_280' title='bbox 515 3080 559 3126; x_wconf 76' lang='lat' dir='ltr'><strong>&amp;n</strong></span> <span class='ocrx_word' id='word_1_281' title='bbox 569 3078 699 3140; x_wconf 87' lang='lat' dir='ltr'><strong>conjicitur.</strong></span> <span class='ocrx_word' id='word_1_282' title='bbox 788 3077 850 3126; x_wconf 73' lang='lat' dir='ltr'><strong>baut</strong></span> <span class='ocrx_word' id='word_1_283' title='bbox 860 3079 956 3140; x_wconf 83' lang='lat' dir='ltr'><strong>gloriam</strong></span> <span class='ocrx_word' id='word_1_284' title='bbox 967 3096 1015 3129; x_wconf 90' lang='lat' dir='ltr'><strong>non</strong></span> <span class='ocrx_word' id='word_1_285' title='bbox 1025 3080 1075 3137; x_wconf 78' lang='lat' dir='ltr'><strong>aui,</strong></span> <span class='ocrx_word' id='word_1_286' title='bbox 1089 3082 1131 3128; x_wconf 83' lang='lat' dir='ltr'><strong>aed</strong></span> <span class='ocrx_word' id='word_1_287' title='bbox 1142 3083 1256 3145; x_wconf 80' lang='lat' dir='ltr'><strong>majomm</strong></span> <span class='ocrx_word' id='word_1_288' title='bbox 1265 3099 1356 3131; x_wconf 79' lang='lat' dir='ltr'><strong>auomn</strong></span> 
     </span>
     <span class='ocr_line' id='line_1_31' title="bbox 218 3142 1334 3209; baseline 0.005 -18"><span class='ocrx_word' id='word_1_289' title='bbox 218 3146 243 3191; x_wconf 81' lang='lat'><strong>5.</strong></span> <span class='ocrx_word' id='word_1_290' title='bbox 260 3143 403 3207; x_wconf 72' lang='lat' dir='ltr'><strong>Supemiba]</strong></span> <span class='ocrx_word' id='word_1_291' title='bbox 420 3142 514 3191; x_wconf 72' lang='lat' dir='ltr'><strong>Factum</strong></span> <span class='ocrx_word' id='word_1_292' title='bbox 525 3151 551 3189; x_wconf 88' lang='lat' dir='ltr'><strong>et</strong></span> <span class='ocrx_word' id='word_1_293' title='bbox 566 3143 699 3204; x_wconf 76' lang='lat' dir='ltr'><strong>superbiam</strong></span> <span class='ocrx_word' id='word_1_294' title='bbox 718 3160 757 3191; x_wconf 85' lang='lat' dir='ltr'><strong>an·</strong></span> <span class='ocrx_word' id='word_1_295' title='bbox 788 3142 859 3189; x_wconf 70' lang='lat' dir='ltr'><strong>canat</strong></span> <span class='ocrx_word' id='word_1_296' title='bbox 870 3144 912 3200; x_wconf 91' lang='lat' dir='ltr'><strong>illi,</strong></span> <span class='ocrx_word' id='word_1_297' title='bbox 922 3153 947 3192; x_wconf 88' lang='lat' dir='ltr'><strong>at</strong></span> <span class='ocrx_word' id='word_1_298' title='bbox 956 3146 1000 3193; x_wconf 85' lang='lat' dir='ltr'><strong>aibi</strong></span> <span class='ocrx_word' id='word_1_299' title='bbox 1012 3155 1107 3209; x_wconf 85' lang='lat' dir='ltr'><strong>propter</strong></span> <span class='ocrx_word' id='word_1_300' title='bbox 1117 3161 1151 3201; x_wconf 79' lang='lat' dir='ltr'><strong>ac,</strong></span> <span class='ocrx_word' id='word_1_301' title='bbox 1160 3147 1264 3195; x_wconf 86' lang='lat' dir='ltr'><strong>delatam</strong></span> <span class='ocrx_word' id='word_1_302' title='bbox 1274 3163 1334 3197; x_wconf 76' lang='lat' dir='ltr'><strong>esre.</strong></span> 
     </span>
     <span class='ocr_line' id='line_1_32' title="bbox 186 3207 1354 3276; baseline 0.003 -18"><span class='ocrx_word' id='word_1_303' title='bbox 186 3208 284 3271; x_wconf 81' lang='lat' dir='ltr'><strong>percilia</strong></span> <span class='ocrx_word' id='word_1_304' title='bbox 305 3213 432 3259; x_wconf 77' lang='lat' dir='ltr'><strong>denotant:</strong></span> <span class='ocrx_word' id='word_1_305' title='bbox 450 3224 503 3273; x_wconf 84' lang='lat' dir='ltr'><strong>qum</strong></span> <span class='ocrx_word' id='word_1_306' title='bbox 523 3207 614 3254; x_wconf 82' lang='lat' dir='ltr'><strong>deflexa</strong></span> <span class='ocrx_word' id='word_1_307' title='bbox 631 3215 694 3264; x_wconf 82' lang='lat' dir='ltr'><strong>aunt,</strong></span> <span class='ocrx_word' id='word_1_308' title='bbox 714 3224 757 3257; x_wconf 89' lang='lat' dir='ltr'><strong>au·</strong></span> <span class='ocrx_word' id='word_1_309' title='bbox 824 3211 862 3255; x_wconf 79' lang='lat'><strong>16.</strong></span> <span class='ocrx_word' id='word_1_310' title='bbox 887 3209 955 3266; x_wconf 71' lang='lat' dir='ltr'><strong>nni,</strong></span> <span class='ocrx_word' id='word_1_311' title='bbox 979 3210 1061 3258; x_wconf 65' lang='lat' dir='ltr'><strong>lomere·</strong></span> <span class='ocrx_word' id='word_1_312' title='bbox 1078 3212 1151 3276; x_wconf 72' lang='lat' dir='ltr'><strong>nono]</strong></span> <span class='ocrx_word' id='word_1_313' title='bbox 1184 3211 1268 3260; x_wconf 73' lang='lat' dir='ltr'><strong>Notus</strong></span> <span class='ocrx_word' id='word_1_314' title='bbox 1287 3214 1354 3261; x_wconf 83' lang='lat' dir='ltr'><strong>borno</strong></span> 
     </span>
     <span class='ocr_line' id='line_1_33' title="bbox 186 3271 1355 3343; baseline 0.003 -22"><span class='ocrx_word' id='word_1_315' title='bbox 186 3283 274 3333; x_wconf 52' lang='lat' dir='ltr'><strong>aterum</strong></span> <span class='ocrx_word' id='word_1_316' title='bbox 285 3276 379 3331; x_wconf 80' lang='lat' dir='ltr'><strong>inflexa,</strong></span> <span class='ocrx_word' id='word_1_317' title='bbox 390 3273 506 3332; x_wconf 54' lang='lat' dir='ltr'><strong>irrisorem</strong></span> <span class='ocrx_word' id='word_1_318' title='bbox 520 3272 757 3320; x_wconf 77' lang='lat' dir='ltr'><strong>demissnmalevoloa</strong></span> <span class='ocrx_word' id='word_1_319' title='bbox 787 3271 881 3329; x_wconf 85' lang='lat' dir='ltr'><strong>dicitur,</strong></span> <span class='ocrx_word' id='word_1_320' title='bbox 898 3283 953 3322; x_wconf 89' lang='lat' dir='ltr'><strong>autc</strong></span> <span class='ocrx_word' id='word_1_321' title='bbox 966 3289 1116 3338; x_wconf 85' lang='lat' dir='ltr'><strong>quemnemo</strong></span> <span class='ocrx_word' id='word_1_322' title='bbox 1135 3276 1158 3321; x_wconf 89' lang='lat' dir='ltr'><strong>in</strong></span> <span class='ocrx_word' id='word_1_323' title='bbox 1177 3274 1266 3331; x_wconf 74' lang='lat' dir='ltr'><strong>larniljir</strong></span> <span class='ocrx_word' id='word_1_324' title='bbox 1284 3278 1355 3343; x_wconf 77' lang='lat' dir='ltr'><strong>magi·</strong></span> 
     </span>
     <span class='ocr_line' id='line_1_34' title="bbox 184 3340 1355 3404; baseline 0.007 -20"><span class='ocrx_word' id='word_1_325' title='bbox 184 3348 293 3400; x_wconf 73' lang='lat' dir='ltr'><strong>arguunt.</strong></span> <span class='ocrx_word' id='word_1_326' title='bbox 789 3345 885 3385; x_wconf 71' lang='lat' dir='ltr'><strong>matum</strong></span> <span class='ocrx_word' id='word_1_327' title='bbox 897 3340 1036 3396; x_wconf 76' lang='lat' dir='ltr'><strong>obtinuerat,</strong></span> <span class='ocrx_word' id='word_1_328' title='bbox 1052 3341 1093 3387; x_wconf 77' lang='lat' dir='ltr'><strong>red</strong></span> <span class='ocrx_word' id='word_1_329' title='bbox 1104 3341 1145 3404; x_wconf 91' lang='lat' dir='ltr'><strong>qui</strong></span> <span class='ocrx_word' id='word_1_330' title='bbox 1156 3342 1199 3388; x_wconf 73' lang='lat' dir='ltr'><strong>snt</strong></span> <span class='ocrx_word' id='word_1_331' title='bbox 1209 3342 1294 3391; x_wconf 76' lang='lat' dir='ltr'><strong>virtute</strong></span> <span class='ocrx_word' id='word_1_332' title='bbox 1312 3340 1355 3392; x_wconf 73' lang='lat' dir='ltr'><strong>nol</strong></span> 
     </span>
     <span class='ocr_line' id='line_1_35' title="bbox 219 3399 942 3464; baseline 0.003 -15"><span class='ocrx_word' id='word_1_333' title='bbox 219 3407 242 3449; x_wconf 80' lang='lat'><strong>8.</strong></span> <span class='ocrx_word' id='word_1_334' title='bbox 264 3402 386 3449; x_wconf 82' lang='lat' dir='ltr'><strong>Lurrrlerrto</strong></span> <span class='ocrx_word' id='word_1_335' title='bbox 403 3401 479 3464; x_wconf 75' lang='lat' dir='ltr'><strong>vitia]</strong></span> <span class='ocrx_word' id='word_1_336' title='bbox 505 3399 571 3449; x_wconf 81' lang='lat' dir='ltr'><strong>Vitia</strong></span> <span class='ocrx_word' id='word_1_337' title='bbox 586 3401 690 3449; x_wconf 89' lang='lat' dir='ltr'><strong>omnium</strong></span> <span class='ocrx_word' id='word_1_338' title='bbox 708 3410 756 3449; x_wconf 90' lang='lat' dir='ltr'><strong>tur·</strong></span> <span class='ocrx_word' id='word_1_339' title='bbox 789 3402 889 3463; x_wconf 79' lang='lat' dir='ltr'><strong>adeptus</strong></span> <span class='ocrx_word' id='word_1_340' title='bbox 899 3413 942 3452; x_wconf 81' lang='lat' dir='ltr'><strong>cat.</strong></span> 
     </span>
     <span class='ocr_line' id='line_1_36' title="bbox 184 3465 1354 3533; baseline 0.004 -20"><span class='ocrx_word' id='word_1_341' title='bbox 184 3465 282 3528; x_wconf 76' lang='lat' dir='ltr'><strong>piurima</strong></span> <span class='ocrx_word' id='word_1_342' title='bbox 290 3467 314 3512; x_wconf 90' lang='lat' dir='ltr'><strong>in</strong></span> <span class='ocrx_word' id='word_1_343' title='bbox 322 3465 408 3514; x_wconf 86' lang='lat' dir='ltr'><strong>Piaone</strong></span> <span class='ocrx_word' id='word_1_344' title='bbox 418 3467 576 3528; x_wconf 80' lang='lat' dir='ltr'><strong>reprehendit,</strong></span> <span class='ocrx_word' id='word_1_345' title='bbox 587 3466 755 3531; x_wconf 66' lang='lat' dir='ltr'><strong>quibui,quasl</strong></span> <span class='ocrx_word' id='word_1_346' title='bbox 820 3470 858 3514; x_wconf 82' lang='grc'><strong>17.</strong></span> <span class='ocrx_word' id='word_1_347' title='bbox 872 3467 989 3533; x_wconf 65' lang='lat' dir='ltr'><strong>umor]</strong></span> <span class='ocrx_word' id='word_1_348' title='bbox 1023 3471 1162 3530; x_wconf 68' lang='lat' dir='ltr'><strong>Quaestorcs,</strong></span> <span class='ocrx_word' id='word_1_349' title='bbox 1178 3478 1205 3517; x_wconf 91' lang='lat' dir='ltr'><strong>ut</strong></span> <span class='ocrx_word' id='word_1_350' title='bbox 1222 3470 1256 3518; x_wconf 87' lang='lat' dir='ltr'><strong>ait</strong></span> <span class='ocrx_word' id='word_1_351' title='bbox 1272 3472 1354 3527; x_wconf 79' lang='lat' dir='ltr'><strong>Varro,</strong></span> 
     </span>
     <span class='ocr_line' id='line_1_37' title="bbox 181 3529 1353 3599; baseline 0.004 -22"><span class='ocrx_word' id='word_1_352' title='bbox 181 3546 224 3578; x_wconf 83' lang='lat' dir='ltr'><strong>aua</strong></span> <span class='ocrx_word' id='word_1_353' title='bbox 235 3531 293 3585; x_wconf 91' lang='lat' dir='ltr'><strong>luto,</strong></span> <span class='ocrx_word' id='word_1_354' title='bbox 309 3529 477 3578; x_wconf 75' lang='lat' dir='ltr'><strong>delectabatur.</strong></span> <span class='ocrx_word' id='word_1_355' title='bbox 787 3529 801 3575; x_wconf 83' lang='lat' dir='ltr'><strong>ti</strong></span> <span class='ocrx_word' id='word_1_356' title='bbox 818 3533 944 3595; x_wconf 64' lang='lat' dir='ltr'><strong>querendo</strong></span> <span class='ocrx_word' id='word_1_357' title='bbox 957 3534 1016 3583; x_wconf 87' lang='lat' dir='ltr'><strong>dicti</strong></span> <span class='ocrx_word' id='word_1_358' title='bbox 1032 3543 1095 3592; x_wconf 83' lang='lat' dir='ltr'><strong>aunt,</strong></span> <span class='ocrx_word' id='word_1_359' title='bbox 1113 3537 1170 3599; x_wconf 88' lang='lat' dir='ltr'><strong>quia</strong></span> <span class='ocrx_word' id='word_1_360' title='bbox 1185 3536 1353 3599; x_wconf 83' lang='lat' dir='ltr'><strong>conquirebant</strong></span> 
     </span>
     <span class='ocr_line' id='line_1_38' title="bbox 218 3594 1349 3665; baseline 0.003 -22"><span class='ocrx_word' id='word_1_361' title='bbox 218 3598 241 3643; x_wconf 89' lang='lat'><strong>9.</strong></span> <span class='ocrx_word' id='word_1_362' title='bbox 259 3594 508 3658; x_wconf 68' lang='lat' dir='ltr'><strong>Audiranorirescm]</strong></span> <span class='ocrx_word' id='word_1_363' title='bbox 526 3594 695 3658; x_wconf 74' lang='lat' dir='ltr'><strong>stupiditatem</strong></span> <span class='ocrx_word' id='word_1_364' title='bbox 710 3599 754 3645; x_wconf 88' lang='lat' dir='ltr'><strong>bo-</strong></span> <span class='ocrx_word' id='word_1_365' title='bbox 787 3597 1023 3659; x_wconf 80' lang='lat' dir='ltr'><strong>pecuniaspabllcar.</strong></span> <span class='ocrx_word' id='word_1_366' title='bbox 1046 3598 1153 3664; x_wconf 78' lang='lat' dir='ltr'><strong>Regibus</strong></span> <span class='ocrx_word' id='word_1_367' title='bbox 1161 3598 1259 3665; x_wconf 77' lang='lat' dir='ltr'><strong>primum</strong></span> <span class='ocrx_word' id='word_1_368' title='bbox 1268 3599 1349 3646; x_wconf 78' lang='lat' dir='ltr'><strong>Romae</strong></span> 
     </span>
     <span class='ocr_line' id='line_1_39' title="bbox 184 3658 1351 3729; baseline 0.003 -22"><span class='ocrx_word' id='word_1_369' title='bbox 184 3660 254 3707; x_wconf 80' lang='lat' dir='ltr'><strong>minis</strong></span> <span class='ocrx_word' id='word_1_370' title='bbox 264 3658 383 3714; x_wconf 76' lang='lat' dir='ltr'><strong>describit,</strong></span> <span class='ocrx_word' id='word_1_371' title='bbox 394 3674 447 3723; x_wconf 77' lang='lat' dir='ltr'><strong>qun</strong></span> <span class='ocrx_word' id='word_1_372' title='bbox 458 3661 587 3715; x_wconf 85' lang='lat' dir='ltr'><strong>tantaluit,</strong></span> <span class='ocrx_word' id='word_1_373' title='bbox 599 3659 752 3725; x_wconf 90' lang='lat' dir='ltr'><strong>utnunqbam</strong></span> <span class='ocrx_word' id='word_1_374' title='bbox 783 3660 952 3724; x_wconf 85' lang='lat' dir='ltr'><strong>imperantibua</strong></span> <span class='ocrx_word' id='word_1_375' title='bbox 968 3663 1068 3717; x_wconf 77' lang='lat' dir='ltr'><strong>instituti</strong></span> <span class='ocrx_word' id='word_1_376' title='bbox 1086 3674 1148 3723; x_wconf 70' lang='lat' dir='ltr'><strong>aunt,</strong></span> <span class='ocrx_word' id='word_1_377' title='bbox 1168 3674 1193 3713; x_wconf 86' lang='lat' dir='ltr'><strong>et</strong></span> <span class='ocrx_word' id='word_1_378' title='bbox 1211 3664 1291 3729; x_wconf 77' lang='lat' dir='ltr'><strong>posteri</strong></span> <span class='ocrx_word' id='word_1_379' title='bbox 1308 3679 1351 3727; x_wconf 83' lang='lat' dir='ltr'><strong>po-</strong></span> 
     </span>
     <span class='ocr_line' id='line_1_40' title="bbox 183 3724 1353 3795; baseline 0.003 -23"><span class='ocrx_word' id='word_1_380' title='bbox 183 3724 208 3772; x_wconf 86' lang='lat' dir='ltr'><strong>in</strong></span> <span class='ocrx_word' id='word_1_381' title='bbox 220 3724 270 3771; x_wconf 82' lang='lat' dir='ltr'><strong>loro</strong></span> <span class='ocrx_word' id='word_1_382' title='bbox 279 3724 545 3777; x_wconf 79' lang='lat' dir='ltr'><strong>audituciuerit,airein</strong></span> <span class='ocrx_word' id='word_1_383' title='bbox 553 3727 752 3788; x_wconf 79' lang='lat' dir='ltr'><strong>accurando‚aice</strong></span> <span class='ocrx_word' id='word_1_384' title='bbox 785 3727 834 3787; x_wconf 86' lang='lat' dir='ltr'><strong>poli</strong></span> <span class='ocrx_word' id='word_1_385' title='bbox 846 3726 956 3792; x_wconf 76' lang='lat' dir='ltr'><strong>suffragio</strong></span> <span class='ocrx_word' id='word_1_386' title='bbox 966 3730 1050 3790; x_wconf 85' lang='lat' dir='ltr'><strong>creati,</strong></span> <span class='ocrx_word' id='word_1_387' title='bbox 1068 3729 1130 3778; x_wconf 83' lang='lat' dir='ltr'><strong>aient</strong></span> <span class='ocrx_word' id='word_1_388' title='bbox 1139 3730 1222 3795; x_wconf 82' lang='lat' dir='ltr'><strong>reliqui</strong></span> <span class='ocrx_word' id='word_1_389' title='bbox 1234 3729 1353 3792; x_wconf 71' lang='lat' dir='ltr'><strong>magistra·</strong></span> 
     </span>
     <span class='ocr_line' id='line_1_41' title="bbox 181 3788 1125 3854; baseline -0.002 -14"><span class='ocrx_word' id='word_1_390' title='bbox 181 3791 208 3840; x_wconf 87' lang='lat' dir='ltr'><strong>in</strong></span> <span class='ocrx_word' id='word_1_391' title='bbox 219 3788 371 3840; x_wconf 76' lang='lat' dir='ltr'><strong>defendendo</strong></span> <span class='ocrx_word' id='word_1_392' title='bbox 380 3804 507 3854; x_wconf 82' lang='lat' dir='ltr'><strong>quoquam.</strong></span> <span class='ocrx_word' id='word_1_393' title='bbox 784 3794 829 3838; x_wconf 81' lang='lat' dir='ltr'><strong>tu&#39;s.</strong></span> <span class='ocrx_word' id='word_1_394' title='bbox 1122 3820 1125 3833; x_wconf 58' lang='lat'>1</span> 
     </span>
     <span class='ocr_line' id='line_1_42' title="bbox 218 3852 1352 3923; baseline 0.003 -19"><span class='ocrx_word' id='word_1_395' title='bbox 218 3862 256 3904; x_wconf 83' lang='lat' dir='ltr'><strong>to.</strong></span> <span class='ocrx_word' id='word_1_396' title='bbox 283 3855 412 3902; x_wconf 71' lang='lat' dir='ltr'><strong>Periculum</strong></span> <span class='ocrx_word' id='word_1_397' title='bbox 431 3856 523 3920; x_wconf 76' lang='lat' dir='ltr'><strong>fectum</strong></span> <span class='ocrx_word' id='word_1_398' title='bbox 546 3854 650 3918; x_wconf 70' lang='lat' dir='ltr'><strong>contin]</strong></span> <span class='ocrx_word' id='word_1_399' title='bbox 695 3852 751 3904; x_wconf 74' lang='lat' dir='ltr'><strong>Piso</strong></span> <span class='ocrx_word' id='word_1_400' title='bbox 816 3860 856 3906; x_wconf 79' lang='lat'><strong>18.</strong></span> <span class='ocrx_word' id='word_1_401' title='bbox 878 3855 987 3923; x_wconf 64' lang='lat' dir='ltr'><strong>nomn]</strong></span> <span class='ocrx_word' id='word_1_402' title='bbox 1011 3856 1067 3908; x_wconf 74' lang='lat' dir='ltr'><strong>ruo</strong></span> <span class='ocrx_word' id='word_1_403' title='bbox 1084 3866 1136 3908; x_wconf 83' lang='lat' dir='ltr'><strong>erat</strong></span> <span class='ocrx_word' id='word_1_404' title='bbox 1153 3874 1182 3907; x_wconf 81' lang='lat' dir='ltr'><strong>cx</strong></span> <span class='ocrx_word' id='word_1_405' title='bbox 1200 3854 1352 3907; x_wconf 68' lang='lat' dir='ltr'><strong>illustrissimi</strong></span> 
     </span>
     <span class='ocr_line' id='line_1_43' title="bbox 83 3919 1352 3988; baseline 0.001 -18"><span class='ocrx_word' id='word_1_406' title='bbox 83 3950 87 3959; x_wconf 57' lang='grc' dir='ltr'><em>ι</em></span> <span class='ocrx_word' id='word_1_407' title='bbox 182 3936 231 3970; x_wconf 82' lang='lat' dir='ltr'><strong>aon</strong></span> <span class='ocrx_word' id='word_1_408' title='bbox 241 3919 313 3970; x_wconf 77' lang='lat' dir='ltr'><strong>modo</strong></span> <span class='ocrx_word' id='word_1_409' title='bbox 324 3932 442 3984; x_wconf 84' lang='lat' dir='ltr'><strong>nunquam</strong></span> <span class='ocrx_word' id='word_1_410' title='bbox 452 3919 529 3967; x_wconf 77' lang='lat' dir='ltr'><strong>luerat</strong></span> <span class='ocrx_word' id='word_1_411' title='bbox 539 3919 633 3967; x_wconf 79' lang='lat' dir='ltr'><strong>auditas</strong></span> <span class='ocrx_word' id='word_1_412' title='bbox 649 3920 673 3966; x_wconf 88' lang='lat' dir='ltr'><strong>in</strong></span> <span class='ocrx_word' id='word_1_413' title='bbox 692 3921 751 3977; x_wconf 83' lang='lat' dir='ltr'><strong>loro,</strong></span> <span class='ocrx_word' id='word_1_414' title='bbox 783 3920 872 3969; x_wconf 73' lang='lat' dir='ltr'><strong>nmina</strong></span> <span class='ocrx_word' id='word_1_415' title='bbox 883 3922 975 3972; x_wconf 70' lang='lat' dir='ltr'><strong>Pisonis</strong></span> <span class='ocrx_word' id='word_1_416' title='bbox 983 3923 1062 3987; x_wconf 78' lang='lat' dir='ltr'><strong>Frugi,</strong></span> <span class='ocrx_word' id='word_1_417' title='bbox 1078 3924 1145 3988; x_wconf 81' lang='lat' dir='ltr'><strong>cujas</strong></span> <span class='ocrx_word' id='word_1_418' title='bbox 1157 3940 1240 3987; x_wconf 75' lang='lat' dir='ltr'><strong>magna</strong></span> <span class='ocrx_word' id='word_1_419' title='bbox 1253 3932 1279 3972; x_wconf 84' lang='lat' dir='ltr'><strong>et</strong></span> <span class='ocrx_word' id='word_1_420' title='bbox 1295 3939 1352 3986; x_wconf 70' lang='lat' dir='ltr'><strong>pra·</strong></span> 
     </span>
     <span class='ocr_line' id='line_1_44' title="bbox 181 3982 1351 4055; baseline 0.002 -21"><span class='ocrx_word' id='word_1_421' title='bbox 181 3989 225 4034; x_wconf 75' lang='lat' dir='ltr'><strong>aad</strong></span> <span class='ocrx_word' id='word_1_422' title='bbox 237 4003 268 4037; x_wconf 81' lang='lat' dir='ltr'><strong>ne</strong></span> <span class='ocrx_word' id='word_1_423' title='bbox 284 3988 384 4051; x_wconf 80' lang='lat' dir='ltr'><strong>quidem</strong></span> <span class='ocrx_word' id='word_1_424' title='bbox 398 3985 422 4032; x_wconf 85' lang='lat' dir='ltr'><strong>in</strong></span> <span class='ocrx_word' id='word_1_425' title='bbox 442 3992 524 4032; x_wconf 80' lang='lat' dir='ltr'><strong>senatu</strong></span> <span class='ocrx_word' id='word_1_426' title='bbox 540 3982 594 4030; x_wconf 79' lang='lat' dir='ltr'><strong>cim</strong></span> <span class='ocrx_word' id='word_1_427' title='bbox 609 3984 640 4031; x_wconf 87' lang='lat' dir='ltr'><strong>de</strong></span> <span class='ocrx_word' id='word_1_428' title='bbox 655 3983 751 4047; x_wconf 82' lang='lat' dir='ltr'><strong>Repub.</strong></span> <span class='ocrx_word' id='word_1_429' title='bbox 783 3985 1290 4055; x_wconf 76' lang='lat' dir='ltr'><strong>claraeratiterantiarempubllennofficia..</strong></span> <span class='ocrx_word' id='word_1_430' title='bbox 1301 3989 1351 4036; x_wconf 82' lang='lat' dir='ltr'><strong>Ha·</strong></span> 
     </span>
     <span class='ocr_line' id='line_1_45' title="bbox 181 4047 1350 4117; baseline 0.001 -19"><span class='ocrx_word' id='word_1_431' title='bbox 181 4050 445 4113; x_wconf 71' lang='lat' dir='ltr'><strong>agebatur;bitccni1n</strong></span> <span class='ocrx_word' id='word_1_432' title='bbox 456 4049 541 4099; x_wconf 72' lang='lat' dir='ltr'><strong>Roma</strong></span> <span class='ocrx_word' id='word_1_433' title='bbox 550 4047 642 4112; x_wconf 85' lang='lat' dir='ltr'><strong>duplici</strong></span> <span class='ocrx_word' id='word_1_434' title='bbox 651 4054 676 4097; x_wconf 75' lang='lat' dir='ltr'><strong>r‘c</strong></span> <span class='ocrx_word' id='word_1_435' title='bbox 687 4062 752 4097; x_wconf 84' lang='lat' dir='ltr'><strong>com·</strong></span> <span class='ocrx_word' id='word_1_436' title='bbox 779 4049 821 4113; x_wconf 77' lang='lat' dir='ltr'><strong>jus</strong></span> <span class='ocrx_word' id='word_1_437' title='bbox 830 4053 935 4100; x_wconf 79' lang='lat' dir='ltr'><strong>meminit</strong></span> <span class='ocrx_word' id='word_1_438' title='bbox 951 4053 1035 4101; x_wconf 83' lang='lat' dir='ltr'><strong>Cicero</strong></span> <span class='ocrx_word' id='word_1_439' title='bbox 1051 4054 1076 4101; x_wconf 88' lang='lat' dir='ltr'><strong>in</strong></span> <span class='ocrx_word' id='word_1_440' title='bbox 1092 4055 1159 4104; x_wconf 88' lang='lat' dir='ltr'><strong>Orat.</strong></span> <span class='ocrx_word' id='word_1_441' title='bbox 1178 4066 1220 4117; x_wconf 85' lang='lat' dir='ltr'><strong>pro</strong></span> <span class='ocrx_word' id='word_1_442' title='bbox 1238 4052 1350 4101; x_wconf 76' lang='lat' dir='ltr'><strong>Fonteio:</strong></span> 
     </span>
     <span class='ocr_line' id='line_1_46' title="bbox 181 4116 1350 4182; baseline 0.002 -19"><span class='ocrx_word' id='word_1_443' title='bbox 181 4120 360 4167; x_wconf 80' lang='lat' dir='ltr'><strong>mendabantur.</strong></span> <span class='ocrx_word' id='word_1_444' title='bbox 783 4116 865 4179; x_wconf 72' lang='lat' dir='ltr'><strong>quare:</strong></span> <span class='ocrx_word' id='word_1_445' title='bbox 874 4117 905 4164; x_wconf 89' lang='lat' dir='ltr'><strong>ad</strong></span> <span class='ocrx_word' id='word_1_446' title='bbox 913 4118 1180 4181; x_wconf 76' lang='lat' dir='ltr'><strong>contempturui’iaonis,</strong></span> <span class='ocrx_word' id='word_1_447' title='bbox 1189 4127 1272 4166; x_wconf 85' lang='lat' dir='ltr'><strong>contra</strong></span> <span class='ocrx_word' id='word_1_448' title='bbox 1281 4130 1350 4182; x_wconf 80' lang='lat' dir='ltr'><strong>quera</strong></span> 
     </span>
     <span class='ocr_line' id='line_1_47' title="bbox 163 4176 1351 4247; baseline 0.003 -20"><span class='ocrx_word' id='word_1_449' title='bbox 163 4222 172 4237; x_wconf 81' lang='grc'><em>,</em></span> <span class='ocrx_word' id='word_1_450' title='bbox 214 4187 254 4228; x_wconf 85' lang='lat'><strong>11.</strong></span> <span class='ocrx_word' id='word_1_451' title='bbox 272 4179 433 4244; x_wconf 66' lang='lat' dir='ltr'><strong>Aornrilin&#39;ae]</strong></span> <span class='ocrx_word' id='word_1_452' title='bbox 450 4178 562 4234; x_wconf 84' lang='lat' dir='ltr'><strong>Romani,</strong></span> <span class='ocrx_word' id='word_1_453' title='bbox 577 4176 616 4227; x_wconf 84' lang='lat' dir='ltr'><strong>rol</strong></span> <span class='ocrx_word' id='word_1_454' title='bbox 627 4177 751 4227; x_wconf 82' lang='lat' dir='ltr'><strong>donrlelo·</strong></span> <span class='ocrx_word' id='word_1_455' title='bbox 782 4180 840 4242; x_wconf 81' lang='lat' dir='ltr'><strong>agit,</strong></span> <span class='ocrx_word' id='word_1_456' title='bbox 856 4197 903 4228; x_wconf 86' lang='lat' dir='ltr'><strong>mm</strong></span> <span class='ocrx_word' id='word_1_457' title='bbox 914 4182 1001 4230; x_wconf 76' lang='lat' dir='ltr'><strong>omitti</strong></span> <span class='ocrx_word' id='word_1_458' title='bbox 1012 4184 1083 4247; x_wconf 78' lang='lat' dir='ltr'><strong>quim</strong></span> <span class='ocrx_word' id='word_1_459' title='bbox 1090 4185 1180 4232; x_wconf 82' lang='lat' dir='ltr'><strong>nomini</strong></span> <span class='ocrx_word' id='word_1_460' title='bbox 1188 4183 1241 4247; x_wconf 73' lang='lat' dir='ltr'><strong>ejus</strong></span> <span class='ocrx_word' id='word_1_461' title='bbox 1249 4183 1351 4232; x_wconf 78' lang='lat' dir='ltr'><strong>detrun</strong></span> 
     </span>
     <span class='ocr_line' id='line_1_48' title="bbox 178 4242 1137 4309; baseline 0.006 -17"><span class='ocrx_word' id='word_1_462' title='bbox 178 4248 285 4307; x_wconf 67' lang='lat' dir='ltr'><strong>quemn</strong></span> <span class='ocrx_word' id='word_1_463' title='bbox 306 4248 342 4294; x_wconf 83' lang='lat' dir='ltr'><strong>rel</strong></span> <span class='ocrx_word' id='word_1_464' title='bbox 354 4246 441 4294; x_wconf 73' lang='lat' dir='ltr'><strong>militias</strong></span> <span class='ocrx_word' id='word_1_465' title='bbox 458 4246 527 4293; x_wconf 78' lang='lat' dir='ltr'><strong>rebar</strong></span> <span class='ocrx_word' id='word_1_466' title='bbox 546 4242 653 4307; x_wconf 70' lang='lat' dir='ltr'><strong>preclare</strong></span> <span class='ocrx_word' id='word_1_467' title='bbox 670 4243 750 4309; x_wconf 72' lang='lat' dir='ltr'><strong>gentis,</strong></span> <span class='ocrx_word' id='word_1_468' title='bbox 781 4245 853 4292; x_wconf 66' lang='lat' dir='ltr'><strong>urinae</strong></span> <span class='ocrx_word' id='word_1_469' title='bbox 865 4252 997 4309; x_wconf 69' lang='lat' dir='ltr'><strong>pratorum,</strong></span> <span class='ocrx_word' id='word_1_470' title='bbox 1005 4249 1137 4297; x_wconf 58' lang='lat' dir='ltr'><strong>conandit.</strong></span> 
     </span>
     <span class='ocr_line' id='line_1_49' title="bbox 176 4309 1351 4378; baseline 0.003 -22"><span class='ocrx_word' id='word_1_471' title='bbox 176 4310 277 4374; x_wconf 73' lang='lat' dir='ltr'><strong>gloriam</strong></span> <span class='ocrx_word' id='word_1_472' title='bbox 287 4311 333 4357; x_wconf 79' lang='lat' dir='ltr'><strong>sibi</strong></span> <span class='ocrx_word' id='word_1_473' title='bbox 343 4326 370 4358; x_wconf 90' lang='lat' dir='ltr'><strong>ac</strong></span> <span class='ocrx_word' id='word_1_474' title='bbox 381 4326 466 4358; x_wconf 85' lang='lat' dir='ltr'><strong>nomen</strong></span> <span class='ocrx_word' id='word_1_475' title='bbox 477 4309 604 4359; x_wconf 73' lang='lat' dir='ltr'><strong>lamabant.</strong></span> <span class='ocrx_word' id='word_1_476' title='bbox 779 4322 782 4327; x_wconf 82' lang='grc'><em>’</em></span> <span class='ocrx_word' id='word_1_477' title='bbox 814 4309 850 4357; x_wconf 85' lang='lat' dir='ltr'><strong>lb.</strong></span> <span class='ocrx_word' id='word_1_478' title='bbox 884 4310 966 4359; x_wconf 77' lang='lat' dir='ltr'><strong>AEdilir</strong></span> <span class='ocrx_word' id='word_1_479' title='bbox 991 4327 1013 4361; x_wconf 79' lang='lat' dir='ltr'><strong>er</strong></span> <span class='ocrx_word' id='word_1_480' title='bbox 1030 4313 1120 4378; x_wconf 81' lang='lat' dir='ltr'><strong>foetur:</strong></span> <span class='ocrx_word' id='word_1_481' title='bbox 1148 4312 1220 4377; x_wconf 75' lang='lat' dir='ltr'><strong>Pina]</strong></span> <span class='ocrx_word' id='word_1_482' title='bbox 1258 4310 1351 4362; x_wconf 75' lang='lat' dir='ltr'><strong>AEotter</strong></span> 
     </span>
     <span class='ocr_line' id='line_1_50' title="bbox 213 4373 1351 4442; baseline 0.005 -22"><span class='ocrx_word' id='word_1_483' title='bbox 213 4376 251 4422; x_wconf 71' lang='lat'><strong>12.</strong></span> <span class='ocrx_word' id='word_1_484' title='bbox 286 4374 473 4424; x_wconf 64' lang='lat' dir='ltr'><strong>emmennone</strong></span> <span class='ocrx_word' id='word_1_485' title='bbox 493 4375 635 4442; x_wconf 71' lang='lat' dir='ltr'><strong>summurn</strong></span> <span class='ocrx_word' id='word_1_486' title='bbox 666 4375 749 4439; x_wconf 77' lang='lat' dir='ltr'><strong>irregi-</strong></span> <span class='ocrx_word' id='word_1_487' title='bbox 781 4373 1031 4439; x_wconf 81' lang='lat' dir='ltr'><strong>ablplebciiiuemm,</strong></span> <span class='ocrx_word' id='word_1_488' title='bbox 1048 4376 1205 4429; x_wconf 66' lang='lat' dir='ltr'><strong>alliennium:</strong></span> <span class='ocrx_word' id='word_1_489' title='bbox 1228 4377 1351 4427; x_wconf 71' lang='lat' dir='ltr'><strong>contra</strong></span> 
     </span>
    </p>
   </div>
   <div class='ocr_carea' id='block_1_5' title="bbox 0 0 1484 4959">
    <p class='ocr_par' dir='ltr' id='par_1_6' title="bbox 0 0 1484 4959">
     <span class='ocr_line' id='line_1_51' title="bbox 0 0 1484 4959; baseline 0 1"><span class='ocrx_word' id='word_1_490' title='bbox 0 0 1484 4959; x_wconf 95' lang='lat' dir='ltr'><strong> </strong></span> 
     </span>
    </p>
   </div>
  </div>
 </body>
</html>
