2959 4959
122 236 184 370 aaa
616 282 712 363 PRO
734 292 911 361 COELIO.

177 449 296 534 ponere
309 427 343 492 in
357 426 508 494 familiam
523 424 727 492 clarissimam
741 421 912 510 nupsisses,
928 444 987 488 cur
998 422 1060 490 tibi
1071 422 1192 490 Coelius
1202 434 1265 489 tam
1277 442 1356 489 con·
1461 426 1463 434 ’

174 529 305 605 junctus
325 513 410 580 initi
432 509 610 601 cognatus?
639 507 770 575 affinis?
800 508 860 575 riri
889 508 936 572 tui
956 506 1148 575 familiaris?
1184 508 1271 576 Nihil
1293 508 1379 573 ho-'

181 624 263 671 rum.
304 600 393 679 Quid
419 601 517 689 igitur
540 597 611 681 fuit,
639 594 701 660 nisi
720 594 867 683 quaedam
883 595 1045 660 temeritas
1058 619 1097 662 ac
1111 594 1236 662 libido?
1277 594 1356 661 Non

126 709 169 777 50
181 703 222 766 te,
239 688 265 752 si
281 703 396 752 nostre
410 684 562 772 imagines
576 681 682 746 viriles
696 704 763 746 non
779 679 1033 758 commovebant,
1048 704 1090 748 ne
1104 683 1273 783 progenies
1285 680 1356 768 qui·

182 773 256 840 dem
268 797 348 849 meu,
365 771 487 851 Quinta
502 770 554 834 illa
570 767 717 846 Claudia,
732 767 883 833 oemulam
895 764 1081 832 domestice
1090 766 1196 835 laudis
1207 768 1240 833 in
1251 764 1357 856 gloriis

183 858 329 927 muliebri
353 879 419 921 esse
442 852 659 920 admonebat?
687 875 755 918 non
769 854 818 917 vir
841 875 861 916 ο
876 850 932 916 illa
947 851 1083 916 Vestalis
1101 854 1250 931 Claudia,
1274 874 1353 941 quoe,

182 962 306 1033 putrem
329 940 498 1027 complexa
522 938 786 1028 triumphantem,
815 963 835 1003 a
881 937 1013 1002 inimico
1034 940 1290 1040 tribunoplebis
1317 938 1357 1003 de

184 1053 278 1097 curru
304 1026 427 1092 detrahi
447 1049 539 1113 passa
561 1049 627 1092 non
650 1024 722 1092 est?
753 1026 821 1091 Cur
835 1040 867 1088 te
881 1022 1021 1088 fraterna
1036 1024 1243 1110 ritiapotrds,
1259 1021 1356 1114 quim

130 1140 171 1204 55
182 1118 268 1182 bona
282 1129 414 1198 paterna
428 1126 460 1177 et
468 1113 569 1197 ,avita
584 1127 627 1193 et,
644 1134 743 1199 usque
767 1110 904 1188 anobis,
930 1108 1003 1176 crim
1018 1111 1051 1175 in
1077 1109 1153 1174 viris
1178 1123 1246 1177 turn
1261 1113 1358 1177 etiarn

127 1197 132 1207 ’
183 1203 215 1265 in
244 1199 369 1263 feminis
396 1201 542 1284 repetita,
571 1195 766 1264 moverunt?
797 1197 930 1261 ideo-ne
951 1219 1011 1284 ego
1055 1218 1142 1260 ocem
1167 1195 1288 1282 Pyrrhi
1309 1196 1360 1262 di·

181 1285 272 1364 rami,
289 1300 323 1350 ut
337 1299 372 1350 tu
386 1306 532 1349 umorum
546 1283 802 1379 turpissimorum
817 1283 959 1369 quotidie
983 1280 1001 1346 ι’
1049 1303 1104 1347 era
1127 1280 1263 1347 ferires?
1284 1282 1361 1348 ideo

181 1391 295 1458 aquam
325 1370 456 1449 adduxi,
478 1383 515 1434 ut
542 1370 582 1435 eli
611 1386 646 1435 tu
674 1367 816 1434 “inceste
845 1365 992 1433 uterere?
1013 1367 1085 1433 ideo
1113 1367 1195 1433 viam
1222 1367 1362 1447 munivi,
1447 1440 1449 1445 ,

183 1471 219 1522 ut
233 1479 303 1521 earn
318 1469 364 1536 tu,
380 1456 490 1522 alienis
504 1456 579 1520 viris
593 1455 755 1531 comitata,
777 1451 1002 1519 ‘celebrarem
1035 1453 1100 1520 Sed
1114 1452 1191 1540 quid
1206 1476 1280 1541 ego,
1304 1455 1363 1540 ju-

128 1572 170 1630 50
183 1541 279 1620 dices,
296 1543 340 1608 ita
354 1562 483 1632 gravem
507 1563 676 1627 personam
692 1540 816 1618 induxi,
843 1553 879 1603 ut
893 1553 925 1604 et
938 1561 1058 1618 verear,
1081 1561 1124 1604 ne
1138 1562 1171 1603 sc
1184 1538 1271 1604 idem
1287 1543 1361 1627 Ap·

184 1630 255 1714 pius
270 1629 401 1716 repente
416 1641 590 1704 convertat,
607 1641 638 1691 et
651 1625 792 1691 Coelium
802 1625 936 1710 incipiat
951 1646 1099 1691 accusare
1109 1623 1165 1695 illa
1181 1623 1240 1688 suri
1254 1626 1361 1712 gravi-

185 1728 250 1780 tate
280 1712 453 1780 censoriis?
489 1713 552 1780 Sed
581 1715 692 1779 videro
721 1711 784 1776 hoc
812 1710 981 1797 posterids,
1011 1724 1106 1798 atque
1133 1712 1188 1789 ita,
1220 1710 1356 1797 judices,

185 1814 222 1865 ut
248 1800 298 1865 vel
323 1800 526 1867 severissimis
540 1799 626 1864 disce
648 1797 804 1863 tatoribus
828 1796 879 1862 M.
895 1795 990 1861 Coelii
1014 1797 1110 1862 vitam
1131 1818 1183 1862 me
1207 1796 1359 1884 probatu·

186 1908 258 1951 nun
280 1909 347 1952 esse
367 1886 538 1951 confidam.
631 1908 651 1949 u
675 1882 763 1958 verb,
785 1882 909 1962 mulier,
935 1883 1015 1969 (jam
1040 1883 1126 1947 enim
1150 1884 1217 1969 ipse
1241 1897 1356 1962 tecum,

131 1971 277 2061 35nullti
296 1971 434 2072 personia
458 1969 653 2045 introductis,
680 1968 808 2057 loquor)
830 1967 857 2033 si
881 1991 928 2047 ea,
956 1991 1029 2056 quaa
1059 1968 1142 2047 tacis,
1173 1990 1247 2057 qum
1269 1969 1359 2050 dicis,

186 2080 257 2158 quae
279 2056 469 2135 ‘insimulas
497 2079 568 2156 quoe
595 2054 725 2133 moliris,
749 2077 822 2149 qum
842 2055 960 2141 arguis,
986 2055 1124 2140 probare
1142 2056 1286 2143 cogitas3
1308 2077 1358 2121 ra-

107 2142 114 2147 ’
186 2159 305 2208 tionem
331 2159 427 2208 tantm
441 2141 673 2219 familiaritatis,
697 2154 794 2206 tantoe
820 2141 1066 2219 consuetudinis,
1089 2155 1186 2206 tantae
1208 2143 1359 2228 conjunc·

186 2226 291 2304 tionis,
317 2228 432 2292 reddas
454 2240 551 2314 atqua
571 2248 724 2313 exponas,
750 2247 877 2290 necesse
895 2240 952 2291 eat.
996 2228 1207 2292 Accusatores
1227 2226 1359 2315 quidem

187 2312 343 2391 libidines,
366 2334 500 2390 amores,
516 2311 682 2392 adulteria,
707 2311 812 2390 Baias,
827 2325 923 2391 actas,
940 2313 1096 2392 convivia,
1111 2312 1358 2395 comissationes,

298 2578 301 2587 ⁴
360 2547 498 2630 timpum
525 2556 530 2568 ‘
655 2552 879 2632 preparatam.
1036 2547 1175 2612 furnum.

219 2830 259 2878 50.
277 2826 362 2878 Nostra
377 2830 483 2894 imagines
501 2831 596 2897 sirim]
635 2830 756 2895 Imagines
788 2829 930 2886 Tarentinis.
952 2829 993 2893 qui
1010 2828 1134 2896 Pyrrhum,
1152 2830 1219 2895 Epiri
1235 2832 1357 2897 regemia

188 2893 298 2958 intelligit
307 2909 387 2943 eorum
397 2895 438 2959 qui
450 2895 475 2942 in
486 2896 530 2944 hle
550 2895 704 2945 Claudiorum
719 2896 757 2943 ia·
789 2894 901 2943 auxilium
911 2903 1061 2944 vocarenmt.
1093 2895 1260 2961 Transgrem
1275 2888 1316 2947 ilie
1332 2899 1358 2946 lu

187 2958 407 3008 retransmeant
441 2959 486 3008 liar
504 2968 584 3010 antem
600 2960 713 3025 imagines
732 2961 757 3009 in
790 2958 893 3016 ltaliam,
904 2960 1013 3023 etprimo
1030 2976 1156 3025 congressu
1173 2962 1257 3019 victor,
1273 2978 1357 3027 pacem

187 3023 284 3071 domum
303 3021 430 3087 aliquando
452 3025 586 3074 maritorum
601 3026 632 3073 ab
648 3026 758 3075 uxoribus
790 3023 1006 3082 Ramauiaobtulit,
1037 3041 1091 3075 nam
1101 3025 1137 3074 illi
1146 3027 1225 3075 forsan
1240 3028 1358 3092 acceptari

187 3088 392 3139 tranferebantur.
787 3089 898 3146 stautai
914 3088 1010 3154 Appius
1020 3040 1112 3146 Zeus.
1130 3091 1215 3141 leutici
1229 3091 1322 3143 delatas
1332 3094 1357 3141 iu

220 3157 260 3202 51.
270 3152 316 3202 llio
322 3152 440 3217 Claudia]
450 3152 623 3211 HmcCiaudia,
634 3153 698 3217 quod
707 3153 756 3203 ele·
787 3162 903 3210 senatum,
912 3154 996 3219 magni
1006 3171 1065 3204 soce
1072 3156 1175 3205 ettirrnia
1182 3156 1295 3207 lateribus
1304 3173 1356 3208 ean

189 3219 361 3280 ganticrireate
372 3218 515 3274 indueretur,
527 3216 608 3281 parim
617 3220 704 3283 pudica
713 3220 756 3267 ha·
787 3219 943 3268 dissuasisset.
975 3219 1040 3269 Vide
1049 3220 1220 3271 Cioemnemin
1229 3221 1329 3272 &tona

190 3282 239 3329 bita
258 3290 311 3343 eat,
332 3282 375 3330 aed
393 3283 444 3329 dem
461 3280 564 3347 Cybeles
580 3284 714 3331 testimonio
730 3284 756 3332 id
820 3286 861 3333 57.
878 3282 1074 3350 Foedmferiraa]
1107 3285 1201 3335 Assud'n
1214 3289 1245 3335 ad
1262 3287 1357 3339 foderim

188 3346 272 3393 iulaurn
280 3348 452 3409 deprehensam
459 3344 572 3405 estotim,
581 3347 757 3399 illiusClaudiar
787 3348 891 3397 faciendi
900 3350 1004 3407 verbum,
1014 3350 1098 3414 inquo
1108 3367 1180 3415 porca
1188 3351 1324 3402 feriebatur.

189 3410 270 3471 operit,
280 3410 384 3475 Cybeles
396 3410 543 3459 simulacrum
553 3412 578 3461 iu
589 3412 678 3463 Urbem
691 3413 757 3463 dela·
821 3417 861 3462 58.
878 3414 964 3477 Aqua
984 3416 1089 3481 addam]
1129 3415 1224 3482 Appius
1242 3416 1284 3468 ille
1304 3418 1356 3469 Ca·

190 3481 238 3520 tum
249 3483 294 3529 est,
309 3476 383 3537 quud,
398 3474 577 3525 vado'liberino
587 3478 758 3537 adhaerescens.
788 3493 922 3543 cuaaquam
928 3478 1047 3529 Anienem
1055 3481 1080 3529 iu
1092 3481 1180 3531 Urbem
1190 3482 1285 3531 induxit
1294 3499 1357 3532 anno

189 3536 284 3600 cingulo
292 3553 335 3584 sarr
346 3539 376 3586 ad
388 3538 443 3586 litua
453 3542 561 3589 extraxit.
790 3542 862 3593 Urbis
872 3547 929 3591 4⁴1.

222 3604 262 3650 52.
283 3600 348 3664 Virgo
362 3602 470 3667 Vestalis]
487 3604 546 3654 Huc
555 3606 659 3655 Vestalis
665 3615 755 3672 patrem
820 3606 859 3657 lb,
876 3608 940 3657 Viaaa
955 3610 1062 3674 munim]
1094 3611 1143 3659 Via
1160 3612 1212 3661 irae
1225 3609 1308 3676 Appia
1324 3612 1358 3660 ab

189 3665 370 3730 triumphantem
380 3667 470 3730 injussu
482 3670 572 3733 populi,
581 3687 677 3721 ascenso
687 3672 756 3722 simul
788 3672 845 3720 urbe
856 3672 943 3732 Romi,
951 3676 1001 3724 aire
1015 3675 1031 3724 i
1046 3676 1220 3742 purlb'Capani
1229 3680 1262 3725 sd
1272 3678 1358 3727 nrbem

188 3738 265 3787 curru,
272 3744 345 3796 usque
354 3733 379 3780 in
390 3732 535 3796 Capitolium
546 3744 718 3801 proaectrtaaal.
725 3754 757 3787 nc
786 3753 863 3800 usquc
874 3738 990 3803 Capuam,
1000 3756 1077 3806 eaque
1086 3750 1158 3791 atrata
1166 3741 1294 3806 lapidibus,
1304 3758 1359 3809 per·
1462 3742 1463 3747 ’

189 3802 320 3847 retardant
335 3798 475 3847 interdicere
488 3799 598 3912 cippum
613 3802 757 3851 tribunorum
789 3803 930 3864 ductaluit;
947 3805 989 3854 sed
1000 3804 1082 3869 posteri
1093 3805 1183 3856 tiJulio
1194 3806 1232 3856 rel
1247 3806 1357 3874 Anguem

115 3884 118 3893 ,
189 3862 306 3913 iaceam.
337 3860 377 3912 Dc
394 3863 440 3912 laic
457 3864 506 3913 ves
542 3866 756 3931 iloquiturSuetc·
789 3866 884 3918 Cessare
892 3868 1044 3919 Brundisium
1054 3886 1129 3935 usqne
1138 3881 1247 3936 porrecta
1258 3878 1302 3923 eat.
1462 3892 1463 3923 ι

189 3928 243 3978 nius
251 3929 275 3977 in
286 3926 339 3977 Tib.
348 3938 374 3977 et
382 3928 436 3978 var.
445 3929 485 3977 lib.
497 3931 523 3977 5.
820 3936 860 3982 68.
878 3933 1083 4000 Disceptaturibus]
1101 3954 1102 3959 ¹
1116 3936 1358 4004 Disceptatorappel·

222 3997 263 4044 53.
281 3993 377 4043 Tribuuo
389 3994 476 4059 plebia]
508 3992 607 4041 Tribuni
622 3992 699 4057 plebia
719 3994 756 4042 in·
788 3995 1358 4068 laturaiCiccroueinPartitiouibua,quireiet
1462 4002 1463 4045 l

189 4061 468 4123 teroederepoterant,ne
493 4059 756 4122 uiatriumpbaretbic,
788 4064 911 4111 sententia
920 4066 1052 4116 moderator
1061 4075 1106 4116 est.

189 4125 253 4184 apud
265 4124 366 4181 Livium,
377 4124 417 4172 lib.
428 4128 469 4173 39.
512 4122 637 4174 .Albutirrs
648 4124 754 4174 tribunus
818 4130 858 4176 69.
876 4126 962 4194 Boiu]
993 4128 1319 4197 Dehiadictnnreataupri.
1462 4156 1463 4201 ι

189 4187 265 4248 plebis
276 4189 314 4241 M.
325 4189 401 4238 Fulvii
411 4189 528 4254 triumpha
537 4190 636 4239 obstitit.
818 4191 855 4239 lb.
874 4192 1055 4273 emanare]
1098 4197 1284 4247 Comissationes
1301 4212 1355 4246 σοι·
1462 4204 1463 4211 ’

220 4253 260 4300 56.
278 4253 356 4302 Pacem
367 4254 471 4321 Pyrrlt]
504 4252 552 4302 Per
569 4264 754 4318 quatuoranuoa
785 4256 922 4318 viriaaurrt,
939 4267 965 4311 et
980 4270 1087 4312 aarum
1097 4263 1356 4328 computationemque

188 4310 292 4366 Romani
310 4319 458 4368 acerbissima
479 4318 542 4371 bella
564 4328 686 4384 gesserunt
700 4336 755 4371 curn
