2959 4959
101 316 183 407 art'·
613 334 709 404 eno
732 318 942 403 utnonn‘

181 468 322 558 premiis
337 462 559 537 afficerebrne
573 465 702 530 meritos
716 463 757 529 de
780 455 949 548 republici
971 465 1074 542 cives3
1103 465 1163 529 viri
1187 465 1286 555 fortis,
1315 472 1360 530 ne

184 556 350 645 suppliciis
375 555 504 645 quidem
527 551 656 628 moveri,
683 562 719 615 ut
744 548 868 613 fortiter
894 548 1003 616 fecisse
1028 552 1192 637 poenitent.
1238 551 1358 629 Quaru-

127 643 305 717 ”obrem
313 656 455 709 uteretur
468 637 578 705 eidem
601 634 798 700 confessione
816 630 859 698 Τ.
888 635 1027 715 Annius,
1056 634 1122 724 quis
1148 636 1266 717 Ahala,
1297 632 1361 724 qui

185 728 315 807 Nasica,
338 726 402 816 quei
417 724 573 813 Opimius,
596 719 662 807 qui
678 718 814 796 Murius,
837 717 903 807 quai
916 736 1041 788 nosmet
1057 722 1116 808 ipsi
1125 746 1135 801 3
1158 736 1200 801 et,
1224 724 1251 788 si
1269 732 1365 811 grata

185 808 364 902 respublica
378 824 469 890 esset,
490 808 667 884 letarum
689 807 716 870 si
736 806 873 894 ingrata,
898 817 1016 884 tamen,
1045 807 1079 869 in
1103 810 1197 894 gravi
1220 806 1366 887 fortuni,

184 896 379 969 consciential
393 896 453 959 sud
466 892 630 957 niteretur.
677 890 739 958 Sed
766 891 859 956 hu'us
881 889 1027 957 beneficii
1049 894 1200 978 gratiam,
1231 894 1369 971 'udices

185 986 316 1052 fortuna
328 979 437 1067 populi
454 978 606 1067 Romani,
633 989 667 1044 et
680 989 785 1041 restra
797 915 939 1056 tllicitas,
962 990 995 1041 et
1008 977 1055 1041 dii
1069 919 1239 1044 immorul
1253 1005 1279 1057 s,
1308 980 1371 1046 sibi

130 1069 296 1147 ,trieben
309 1078 431 1152 putant.
477 1063 546 1129 Nec
560 1062 638 1129 veri)
652 1064 816 1153 quisquam
832 1062 923 1128 aliter
937 1062 1083 1128 arbitrari
1098 1076 1211 1148 potest,
1228 1066 1295 1130 nisi
1313 1065 1372 1154 qui

185 1154 307 1221 nullam
339 1149 430 1215 drim
455 1172 523 1235 esse
547 1149 648 1228 ducit,
671 1171 830 1227 numenve
854 1147 1015 1213 divinum:
1048 1170 1140 1247 quem
1165 1164 1277 1236 neque
1306 1153 1374 1216 im·

184 1239 267 1326 perii
281 1235 375 1301 vestri
389 1234 591 1336 magnitudo,
611 1258 716 1325 neque
732 1234 779 1300 sol
803 1234 868 1313 ille,
890 1257 949 1301 nec
963 1233 1035 1299 coeli
1049 1255 1277 1321 signorumque
1294 1256 1376 1302 mo-

185 1337 246 1403 tus,
268 1344 329 1413 pec
353 1320 586 1389 vicissitudines
610 1340 717 1385 rerum
744 1337 839 1408 atque
862 1319 988 1385 ordines
1012 1332 1149 1399 movent,
1170 1341 1275 1419 neque
1303 1322 1376 1406 (id,

42 1416 44 1420 ’
148 1412 151 1429 '
184 1408 275 1497 quud
303 1408 480 1473 maximum
505 1407 565 1495 est)
595 1406 752 1495 majorum
776 1420 959 1491 nostrorum
986 1405 1154 1492 sapientia3
1176 1428 1232 1492 qur
1256 1428 1375 1486 sacra,

108 1495 243 1583 100·qui
271 1495 482 1570 cerimonias,
497 1495 552 1581 qui
578 1517 634 1558 aus
659 1492 728 1569 ieie,
756 1492 874 1577 stipsi
902 1488 1099 1557 sanctissime
1121 1490 1303 1570 coluerunt,
1340 1506 1376 1559 et

187 1579 283 1647 nobis
296 1580 360 1646 suis
374 1580 509 1666 posteris
523 1578 617 1666 prodi
641 1593 745 1644 erunt.
790 1574 858 1656 Est,
886 1586 934 1642 est
946 1574 1090 1665 profectb
1105 1575 1158 1642 illn
1172 1576 1236 1641 vis:
1259 1588 1375 1679 neque

187 1668 224 1734 in
239 1666 289 1732 his
303 1665 501 1753 corporibus,
524 1679 620 1752 utque
644 1665 677 1728 iu
693 1662 755 1729 hirc
775 1662 991 1731 imbecillitate
1017 1660 1137 1742 nostri,
1164 1662 1247 1728 inest
1273 1664 1374 1751 quid·

186 1752 276 1832 dam,
300 1750 387 1839 quod
402 1752 560 1840 vigeat-et
584 1751 708 1828 sentiat,
736 1761 768 1814 et
792 1772 856 1814 non
881 1749 964 1813 inest
985 1748 1020 1811 in
1041 1747 1104 1814 hoc
1127 1758 1217 1813 tanto
1242 1762 1372 1814 naturae

190 1852 257 1905 tam
273 1837 428 1927 praeclaro
442 1850 549 1915 motu3
571 1836 631 1901 uisi
648 1831 730 1900 forti
746 1832 868 1900 idcircb
882 1856 1030 1900 essenon
1045 1846 1169 1920 putant,
1199 1834 1280 1923 quia·
1304 1852 1368 1900 non

113 1938 179 2001 106
191 1947 234 2013 sp
277 1937 337 2005 ret,
368 1946 428 1989 nec
455 1922 614 1988 cernitur:
644 1918 781 2008 proinde
810 1921 901 2008 quasi
924 1933 1064 1987 nostram
1088 1920 1190 2007 ipsam
1216 1932 1371 1999 mentem,

191 2034 236 2099 qu
272 2010 422 2096 sapimus,
445 2006 509 2097 qui
521 2006 735 2093 providemus,
762 2005 824 2093 quai
840 2007 909 2071 haec
923 2006 993 2092 ipsa
1011 2006 1134 2094 agimus
1157 2028 1195 2072 ac
1220 2006 1370 2084 dicimus,

190 2096 309 2170 videre,
332 2109 387 2160 aut
401 2091 506 2179 plane,
532 2093 634 2180 qualis
654 2108 710 2158 aut
736 2091 855 2168 ubisit,
880 2093 997 2157 sentire
1021 2093 1188 2180 possimus.
1233 2086 1284 2156 Ea
1311 2093 1370 2171 vis,
1452 2118 1453 2123 ¹

190 2202 229 2245 ea
242 2193 290 2244 est
303 2179 426 2265 igituri
450 2200 494 2255 sa,
518 2199 591 2263 quae
605 2174 691 2263 saepb
705 2176 907 2241 incredibiles
931 2175 1007 2241 huic
1034 2177 1106 2241 urbi
1130 2177 1295 2243 felicitates
1322 2191 1369 2243 at·

189 2287 252 2351 que
265 2285 342 2348 opes
364 2200 489 2338 attalia
512 2284 585 2347 quae
599 2261 686 2341 illam
710 2261 1062 2363 perniciemexstinxit
1085 2286 1123 2327 ac
1147 2260 1284 2339 sustulit3
1314 2263 1370 2327 cul

116 2346 328 2435 110primdrn
343 2359 482 2411 mentem
497 2344 613 2432 injecit,
641 2360 677 2411 ut
690 2369 722 2411 ar
736 2347 871 2426 irritare,
894 2346 1042 2435 ferroque
1056 2348 1206 2414 lacessere
1228 2347 1367 2413 sortissi·
1452 2352 1453 2357 ’

188 2455 277 2499 mum
292 2430 395 2497 virum
411 2431 555 2510 auderet,
578 2433 819 2533 vincereturque
833 2434 874 2503 ab
889 2455 938 2517 cu,
961 2435 1098 2522 quemsi
1115 2435 1248 2514 vicisset,
1272 2432 1368 2500 hobi·

188 2531 280 2586 turus
294 2532 375 2585 esset
388 2518 609 2605 impunitatem
624 2533 656 2585 et
670 2519 830 2585 licentram
854 2519 1091 2606 sempiternam.
1135 2520 1213 2585 Non
1234 2534 1283 2586 est
1311 2520 1368 2585 liu·
1451 2570 1452 2575 ι

189 2626 288 2672 mano
316 2602 463 2683 oonsilio,
493 2626 534 2669 ne
560 2604 713 2672 mediocri
737 2605 877 2693 quidem,
904 2604 1038 2693 judices,
1071 2606 1205 2671 deorum
1232 2607 1366 2671 immor·

190 2691 301 2759 talium
319 2690 406 2771 curri,
431 2713 481 2756 res
496 2690 551 2755 ills
573 2690 722 2778 perfecta.
761 2690 944 2780 Religiones
966 2691 1173 2778 (mehercule)
1188 2690 1278 2779 ipsse,
1297 2710 1367 2781 quae
1451 2710 1452 2733 ³

115 2797 179 2859 115
191 2778 279 2861 illam
302 2776 443 2843 belluam
466 2774 582 2842 cadere
602 2778 760 2856 viderunt,
783 2778 991 2843 commovisse
1013 2801 1046 2843 se
1069 2778 1229 2855 videntur,
1259 2790 1294 2843 et
1314 2780 1366 2865 jur
1451 2824 1452 2857 ι

191 2864 227 2929 in
255 2864 313 2929 illo
340 2886 433 2929 suum
462 2862 640 2928 retinuisse.
671 2863 738 2927 Vos
766 2865 851 2929 enim
875 2865 954 2951 jam,
985 2863 1106 2930 Albani
1131 2864 1245 2929 tumuli
1269 2878 1363 2951 atque
1451 2882 1452 2955 ι

191 2948 266 3030 luci,
292 2971 358 3027 ros,
385 2949 526 3035 inquam,
553 2949 701 3036 imploro,
727 2964 824 3037 atque
848 2950 998 3030 obtestor,
1024 2972 1141 3038 rosque
1165 2950 1362 3015 Albanorum
1451 2958 1452 3003 ἶ

388 3097 547 3157 “naturum
560 3098 686 3158 divinum
705 3098 761 3177 [al.
776 3099 832 3160 nim
844 3099 998 3179 coelertem]
1014 3099 1163 3160 stistinet.
1451 3136 1452 3173 ι

225 3294 266 3341 90.
284 3288 438 3356 colman]
451 3288 688 3350 Deeodictumest,
701 3288 764 3343 aiiii·
797 3302 841 3341 tur.
874 3288 1014 3357 Religioues
1030 3300 1108 3343 autem
1126 3294 1141 3341 l
1158 3292 1282 3357 religtndo
1298 3293 1373 3341 (Μ’
1451 3294 1452 3335 l

191 3368 288 3418 qne‚su
322 3353 378 3402 riis.
577 3378 580 3383 ·
696 3378 699 3389 ·
798 3365 858 3407 aunt.
871 3357 952 3413 Unde,
960 3357 1361 3425 quidlilgente'robservlntqffll

226 3420 267 3467 91.
307 3420 446 3468 strum‘
473 3421 499 3485 “.]
523 3420 619 3470 Iudicat
638 3421 766 3486 conjurati·
797 3422 941 3472 cnrirnuults
949 3420 1079 3485 peniuent,
1088 3423 1191 3487 religiosi
1199 3424 1317 3474 dicuntur.

192 3480 246 3531 ouis
267 3482 402 3546 participes,
485 3485 557 3533 tulum
579 3496 605 3535 et
623 3487 765 3552 Cethegum,
830 3491 885 3536 116.
897 3487 979 3535 Albuci
990 3489 1093 3553 tumuli]
1126 3489 1174 3538 vet
1190 3488 1293 3541 colliculi
1308 3493 1359 3535 suut

193 3562 255 3612 quus
261 3547 343 3594 consul
354 3547 557 3599 stratu-decreto
567 3552 690 3602 interiecit.
797 3550 1359 3619 etlociemiuentioreainquibusaraequibusdsm

228 3614 268 3661 93.
287 3611 442 3677 Conscientid]
460 3613 555 3678 Nempe
566 3616 719 3680 pmclrrirui
730 3619 765 3665 ss·
796 3615 930 3666 numinibus
940 3617 1058 3667 dedicatas
1067 3619 1170 3674 luerunt,
1188 3618 1224 3667 rel
1236 3618 1304 3667 etism
1321 3630 1358 3663 sc·

193 3676 288 3727 nitoris.
797 3681 878 3745 pulcra
889 3690 913 3730 et
930 3682 1076 3733 meumst·
1088 3691 1193 3733 veterum
1210 3682 1360 3736 liberorum»

229 3746 269 3794 94.
287 3739 386 3790 Fortuna
394 3742 470 3803 pupuli
481 3741 597 3807 Rotnani]
617 3743 765 3801 Plutarchus,
797 3746 837 3810 qui
849 3746 883 3793 ibi
891 3755 947 3796 ante
958 3747 1047 3797 Urbem
1059 3749 1180 3798 conditam
1190 3747 1274 3814 sepulti
1283 3756 1344 3796 sunt.

196 3806 610 3865 iulib.deFortuniRumrnorum,
627 3825 706 3857 sorum
720 3811 764 3857 inr-
830 3814 886 3859 11⁷.
911 3811 992 3878 larci]
1025 3814 1084 3862 Luci
1100 3829 1196 3863 aemma
1212 3829 1289 3877 opaca
1302 3818 1360 3865 amb
1450 3860 1451 3863 ,

196 3873 333 3938 pariiinitis
342 3871 520 3920 clincrcrneuta
534 3872 559 3919 ri
575 3873 684 3922 fortune
700 3875 778 3923 t'scta¹
796 3883 822 3922 et
832 3876 919 3935 densa,¹
934 3893 987 3942 quae
998 3879 1132 3927 numinibus
1141 3885 1359 3928 consecrmceutt·
1450 3918 1451 3937 ,

196 3956 249 3989 csse
258 3938 345 3993 scribit,
362 3936 438 4001 eique
447 3937 478 3987 de
488 3936 561 3985 trusi
571 3936 670 3999 plurima
680 3939 763 3986 Fortu·
795 3939 889 4000 buntur,
905 3950 934 3990 ut
943 3959 972 3991 es
982 3943 1062 3993 multis
1069 3943 1101 3992 Vi
1128 3944 1135 3956 '
1146 3944 1162 3990 ii
1171 3942 1229 3992 locis
1246 3944 1302 3993 licet
1315 3938 1358 3991 col·

197 4019 235 4053 na
246 4003 335 4069 templs
344 4002 368 4049 in
378 4002 442 4052 Urbe
454 4001 563 4050 dedicata
571 4002 650 4050 tuisse
796 4003 877 4069 ligere.
911 4004 970 4055 Luci
982 4016 1060 4057 autem
1072 4008 1111 4057 die
1140 4014 1194 4056 tunt
1205 4007 1244 4057 rel
1254 4022 1296 4073 per
1306 4004 1360 4055 nti·

231 4075 287 4121 109.
303 4066 369 4118 tuam
377 4065 513 4131 paruum]
532 4064 663 4115 Pemicicm
682 4066 765 4132 appol·
797 4070 983 4137 phrasimqudd
992 4072 1087 4123 minime
1098 4074 1360 4138 lucerent’proptertpt·

197 4131 231 4179 lat
242 4136 362 4189 Clodium.
377 4132 442 4198 qudd
452 4132 500 4183 suis
510 4131 636 4182 sceleribus
646 4141 671 4181 et
681 4132 765 4198 impie·
797 4136 902 4195 citatem,
919 4136 958 4185 vel
967 4137 1031 4202 quid
1043 4139 1115 4186 etiam
1125 4139 1199 4187 strela
1219 4146 1244 4187 et
1260 4137 1361 4205 ignibus,

196 4203 246 4243 tate
298 4200 303 4212 '
324 4200 362 4247 ub.
374 4198 501 4265 perpicicrn
516 4194 637 4249 afferebat.
797 4200 838 4265 qui
850 4202 980 4250 iudeorum
990 4204 1103 4254 honorem
1112 4203 1308 4261 accendebantur,
1317 4198 1362 4251 ccl·

230 4265 285 4308 114.
348 4265 444 4329 'ionraJ
461 4262 599 4330 Religiones
616 4264 686 4312 vocat
701 4260 765 4326 ipsus
796 4265 908 4334 lucerent.

191 4324 347 4385 cerimonias,
354 4330 440 4393 quibus
451 4329 474 4377 iu
482 4329 529 4380 ruis
538 4328 655 4380 aurificiis
667 4328 765 4378 uuban-
