2959 4959
168 289 224 392 ω’
565 321 1048 392 Pnonncnusurnrn.

169 461 215 520 40
227 432 438 541 omnibusque
450 451 611 518 navalibus
623 450 740 538 pugnis
755 448 1043 536 Carthaginienses,
1060 447 1204 514 homines
1217 448 1250 513 iu
1264 447 1383 513 mariti-

226 539 287 616 mis
301 538 395 603 rebus
415 537 690 603 'exercitatissimos
711 535 996 621 paratissimosque,
1018 535 1171 611 vicerunt,
1194 535 1217 598 ii
1237 533 1324 598 nullo
1349 534 1382 595 in

225 623 299 688 loco
309 624 376 707 jam
387 622 587 712 praedonibus
600 643 691 707 pares
705 644 773 686 esse
828 634 974 686 teramus.
1019 619 1088 683 Nos
1103 642 1238 706 quoque,
1261 620 1313 706 qui
1326 639 1382 682 an·

225 706 279 773 tet
293 730 359 773 non
372 706 468 772 modd
489 706 613 771 ltaliam
628 719 729 771 tutam
743 706 788 770 ¹ha
811 706 947 780 ebamus,
970 703 1025 769 sed
1040 726 1151 769 omnes
1166 707 1266 769 socios
1289 706 1321 766 in
1336 701 1384 766 ul-

225 792 312 858 timis
337 793 400 857 oris
422 793 605 857 auctoritate
629 793 733 856 nostri·
753 792 877 876 imperii
899 790 999 854 salvos
1023 802 1175 874 praestare
1195 803 1382 876 poteramus,
1442 837 1446 848 r

169 887 214 950 45
227 892 305 956 tum,
327 876 401 941 cun
415 877 517 942 insula
533 876 631 943 Delos
652 891 718 941 tam
739 873 885 961 procula
907 875 999 940 nobis
1014 875 1047 937 in
1070 873 1186 961 AEgaeo
1201 875 1282 940 mari
1306 885 1388 958 ‘po-

227 965 296 1040 sita,
319 960 383 1047 qud
398 984 508 1027 omnes
529 962 668 1050 undique
682 983 756 1030 cum
777 962 934 1026 mercibus
958 975 1053 1046 atque
1076 960 1225 1024 oneribus
1249 969 1383 1025 comnte·

225 1048 331 1123 abant,
361 1047 474 1112 referta
497 1047 624 1126 divitiis,
646 1070 754 1133 parva,
784 1043 852 1110 sind
874 1069 976 1124 muro,
1000 1045 1080 1109 nihil
1106 1045 1255 1121 timebat3
1290 1044 1384 1130 iidem

222 1153 289 1195 non
315 1129 411 1195 modb
437 1134 615 1218 provinciis,
639 1147 732 1233 atque
757 1134 821 1196 oris
848 1131 947 1196 ltaliae
972 1131 1146 1208 maritimis,
1169 1153 1207 1195 ac
1231 1129 1388 1214 portubus

222 1217 350 1294 nostris,
373 1218 536 1289 sedetiam
554 1218 662 1304 Appia
682 1240 749 1304 Jam
763 1216 825 1294 viri,
848 1218 1049 1282 carebamus:
1072 1215 1167 1280 ethis
1189 1214 1386 1300 temporibus

165 1313 289 1372 §onon
308 1302 449 1386 pudebat
470 1304 668 1390 magistratus
691 1302 801 1389 populi
826 1302 965 1366 Romani
990 1303 1022 1365 in
1047 1301 1133 1365 hunc
1155 1301 1258 1385 ipsum
1276 1300 1384 1366 locum

222 1385 421 1465 adscendere,
445 1386 603 1453 sirmeum
617 1389 705 1452 vobis
719 1389 852 1472 majores
871 1388 964 1450 vestri
979 1387 1099 1451 exuviis
1113 1386 1245 1450 nauticis
1260 1398 1291 1450 et
1306 1385 1388 1448 clas·

223 1472 304 1536 sium
320 1472 427 1558 spoliis
445 1488 591 1537 ornatum
606 1473 812 1559 reliquissent.
858 1471 950 1536 Bono
972 1484 1003 1535 te
1017 1472 1125 1536 auimo
1138 1484 1216 1547 tum,
1239 1469 1280 1545 Q.
1297 1470 1385 1532 Hor·

220 1557 312 1634 tensi,
338 1557 473 1642 populus
489 1558 662 1636 Romanus
684 1570 715 1621 et
732 1571 861 1621 caeteros
875 1558 929 1643 qui
944 1571 1034 1621 erant
1047 1558 1081 1620 in
1096 1555 1207 1621 eisdem
1222 1551 1391 1630 sententia,

221 1640 327 1706 dicere
351 1643 541 1708 existimavit
560 1667 683 1730 eaquae
704 1643 898 1706 sentiebatis:
921 1641 976 1706 sed
998 1654 1114 1718 tamen,
1130 1642 1163 1704 in
1175 1640 1274 1704 salute
1299 1659 1386 1703 com·

165 1741 211 1800 55
223 1728 322 1805 muni,
339 1727 433 1791 idem
451 1729 587 1816 populus
604 1729 768 1793 Romanus
791 1727 894 1791 dolori
914 1750 971 1791 suo
996 1725 1115 1804 maluit,
1139 1725 1234 1813 quam
1250 1725 1390 1789 auctori·

217 1813 282 1877 tati
296 1827 416 1890 vestrae,
441 1815 667 1899 obtemperare.
712 1815 824 1900 Itaque
840 1835 902 1877 uua
916 1813 979 1887 lex,
1000 1810 1153 1888 unasub,
1176 1833 1257 1875 unus
1272 1832 1388 1886 atinus,

222 1919 289 1962 non
310 1897 407 1964 modb
432 1922 488 1964 nos
514 1900 566 1963 ittt
589 1900 710 1964 miserit
733 1921 770 1964 ac
795 1898 991 1983 turpitudine
1015 1898 1178 1972 liberante
1211 1895 1264 1959 sed
1290 1896 1386 1959 etiam

222 1983 326 2050 effecit
340 1999 375 2050 ut
389 1985 558 2071 aliquando
577 1984 651 2048 vere
666 1984 845 2048 videremur
858 1983 1005 2045 omnibus
1029 1982 1176 2067 gentibus
1198 2003 1235 2044 ac
1250 1979 1387 2045 nationi-

222 2068 282 2134 bus
297 2070 382 2133 terrb
404 2070 545 2154 marique
567 2069 733 2152 imperare.
778 2067 853 2142 Quo
876 2066 955 2128 mihi
970 2067 1064 2129 etiam
1079 2066 1145 2128 indi
1170 2065 1239 2128 nius
1261 2065 1387 2129 videtur

165 2152 454 2226 sodobtrectstnm
477 2174 543 2216 esse
555 2152 669 2228 adhuc,
697 2148 878 2234 (Gabinioi
899 2149 1013 2227 dicam,
1034 2171 1120 2213 anne
1144 2089 1323 2233 iompeio?
1344 2171 1387 2213 an

222 2235 372 2322 utrique?
392 2236 426 2299 id
440 2236 525 2322 quod
550 2248 597 2299 est
610 2237 725 2315 verius)
751 2258 792 2299 ne
806 2234 963 2321 legaretur
978 2236 1020 2298 A.
1035 2234 1192 2299 Gabinius
1208 2236 1270 2298 Cn.
1288 2234 1386 2298 Porri·

221 2320 295 2405 peio
309 2322 467 2404 expetenti
481 2342 518 2384 ac
531 2320 713 2405 postulanti.
758 2319 875 2384 Utrirm
890 2318 943 2383 ille
959 2320 1012 2405 qui
1027 2319 1165 2404 postulat
1187 2318 1327 2405 legatum
1343 2318 1383 2384 ad

220 2417 346 2469 tantum
368 2403 494 2482 bellum,
518 2426 609 2491 quem
633 2406 718 2484 velit,
742 2406 874 2468 idoneus
899 2426 965 2467 non
985 2417 1031 2468 est
1054 2405 1108 2489 qui
1130 2403 1289 2489 impetret,
1311 2404 1383 2469 edm

222 2490 339 2568 crateri,
354 2489 394 2553 ad
409 2489 593 2576 expilandos
607 2492 717 2567 socios,
729 2486 984 2576 diripiendasque
998 2489 1184 2575 provincias,
1201 2512 1280 2576 quos
1295 2489 1384 2554 volu·

164 2589 210 2650 65
223 2588 326 2652 erunt,
340 2573 458 2661 legatos
480 2574 671 2640 eduxerint?
692 2597 733 2640 an
754 2577 828 2660 ipse,
845 2576 932 2661 cujus
946 2575 1016 2661 lege
1029 2573 1110 2638 salus
1125 2597 1162 2639 ac
1175 2575 1314 2660 dignitas
1328 2597 1385 2660 po-

221 2661 299 2748 pulo
320 2661 468 2725 Romano
492 2675 587 2747 atque
608 2662 754 2727 omnibus
766 2661 913 2747 gentibus
928 2660 1098 2724 constituta
1110 2671 1167 2739 est,
1190 2682 1305 2745 expers
1319 2682 1385 2725 esse

483 2803 496 2830 ⁰
507 2793 571 2852 aba.
810 2823 814 2830 ·
880 2794 1117 2856 “contradictum

220 2949 289 3013 qnod
307 2959 427 3015 superatus
443 2952 489 3000 sit:
508 2949 580 3012 quart
596 2959 637 2999 aut
646 2950 731 2998 errarit
746 2951 786 2999 ci·
818 2959 917 3016 cupatur
932 2961 976 3008 est,
992 2951 1085 3015 dportb
1103 2960 1179 3001 antem
1191 2952 1292 3014 capent
1310 2967 1383 3016 usque

220 3029 284 3072 cero,
295 3023 336 3062 aut
345 3017 425 3064 deutt
435 3015 667 3065 vicuntomtserunt
675 3014 786 3071 historici,
818 3018 849 3064 ad
860 3018 940 3066 urbem
951 3016 1066 3079 Capuam.
1077 3024 1103 3064 ut
1113 3017 1147 3065 ait
1155 3018 1280 3066 Frontinus
1290 3020 1315 3065 in
1325 3017 1382 3065 libra

218 3081 288 3190 dm
313 3080 498 3195 qqtswqullailliats
510 3077 660 3193 intinnula
676 3076 786 3194 [fgqqqi-
818 3079 1383 3194 dedftqnoelthctttnthaBrnpedisiunrnsquela·

240 3159 278 3192 era
383 3161 483 3193 annuae
563 3156 671 3191 emsa·
761 3160 786 3190 n.
835 3159 970 3194 trustra
1004 3162 1048 3193 ea.
1104 3162 1154 3193 cau
1179 3162 1315 3195 messurae
1374 3179 1381 3193 .

221 3207 337 3257 Octavium
350 3210 377 3257 ds
391 3211 440 3272 re‘gs
456 3209 521 3258 Perat
534 3208 634 3256 naoulan
648 3175 785 3272 tr’ittnrphuar
857 3161 1386 3274 m.dtcir,qutaeaparuquaeadmareveiii·

218 3275 294 3335 agian,
304 3274 383 3321 scribit
393 3273 480 3327 Livius,
490 3272 530 3322 lib.
542 3275 582 3320 45.
594 3288 614 3319 c.
626 3272 679 3334 42]
817 3274 866 3329 bat,
877 3274 1022 3335 praedonibus
1031 3274 1191 3322 infestabatur.
1309 3309 1312 3316 ι

253 3342 293 3384 to.
312 3336 538 3392 Ourdbrrnuoatitua
549 3337 652 3401 prrgrria]
685 3341 708 3383 t.
726 3335 785 3384 Sici·
848 3340 888 3386 50.
907 3337 1055 3398 llaneipaua
1065 3340 1154 3404 tarum]
1189 3336 1382 3395 tustanus*

175 3445 182 3452 ,
217 3396 276 3446 liam
303 3399 531 3464 Carthaginiensibus
560 3399 663 3449 Rotnani
690 3400 785 3448 ademe-
816 3408 866 3460 tra3
893 3402 924 3450 de
944 3401 1029 3465 quibus
1046 3402 1096 3466 jam
1117 3405 1142 3452 in
1163 3403 1267 3452 exordio.
1311 3400 1380 3450 Porri

219 3470 288 3509 runt:
305 3466 329 3510 2.
341 3464 486 3513 Sardiniam:
502 3468 526 3514 ³.
535 3466 639 3514 socuudo
655 3465 717 3513 bello
736 3465 784 3513 Pu·
816 3476 917 3514 oratores
927 3482 955 3514 ex
967 3465 1058 3516 Rostris
1067 3468 1113 3516 illis
1123 3469 1219 3517 narium
1229 3467 1342 3516 dicebant
1350 3465 1386 3514 ad

217 3525 273 3573 nico
299 3525 448 3590 Hispaniam,
471 3537 542 3593 atque
565 3545 607 3592 per
632 3530 658 3576 id
682 3538 783 3591 tempus,
815 3530 937 3593 populum.
971 3531 1279 3588 livius,lib.b.docetaub
1290 3530 1382 3579 Rostris

217 3589 277 3637 dum
295 3588 398 3639 Annibal
416 3592 517 3651 Italiam,
537 3593 567 3642 Ρ.
582 3594 664 3658 Scipio
682 3594 797 3659 libyam
814 3604 905 3656 partem
912 3595 1043 3644 inferiorem
1052 3593 1131 3654 tubae,
1141 3599 1205 3646 unde
1212 3596 1307 3660 privatis
1316 3594 1384 3657 loqui

217 3654 382 3717 populabatur,
398 3657 464 3705 adad
475 3666 502 3705 ut
519 3656 622 3706 Romani
639 3660 782 3721 stipendium
814 3662 916 3709 laserat.

218 3715 448 3783 Carthaginiensibus
461 3722 609 3786 imperbrint3
624 3725 719 3772 tandem
729 3729 784 3786 post
846 3727 886 3774 61.
903 3723 938 3773 Ne
958 3725 1069 3789 legaretm
1087 3726 1215 3789 Gabinius]
1248 3720 1385 3772 Postulavit·

216 3797 292 3833 nuos
303 3784 472 3848 quinquaginta
487 3796 629 3850 postremum
646 3789 731 3837 bellum
743 3803 784 3835 ex·
815 3781 971 3852 sibilegritunr
989 3789 1115 3837 Gabinium
1133 3790 1267 3853 Pompeius,
1284 3790 1325 3852 qui
1335 3785 1380 3851 ipsi

216 3855 294 3896 ortum
303 3857 347 3906 est,
359 3849 383 3897 ia
391 3866 439 3914 quo
449 3851 527 3916 Scipio
533 3851 608 3898 rainor
617 3851 783 3916 Carthaginem
814 3852 1004 3917 denegatuaest3
1019 3853 1170 3902 mittebantur
1180 3862 1257 3901 autern
1263 3852 1335 3916 legati
1342 3850 1384 3899 vel

214 3914 312 3963 everdt.
816 3915 830 3962 it
844 3927 934 3974 senatu,
947 3917 985 3966 vel
996 3918 1122 3982 ripopu105
1132 3918 1189 3983 quia
1198 3918 1330 3980 sumptibus
1335 3930 1380 3979 pu·

250 3981 290 4028 45.
314 3977 398 4042 Delta]
447 3977 521 4027 Delos
546 3978 781 4028 mercibns'celebris
813 3980 880 4030 blicis
889 3981 1046 4032 mittebantur.
1368 4024 1380 4031 ,,

213 4042 270 4100 fuit,
294 4050 320 4091 et
335 4042 457 4090 commoda
472 4041 498 4090 in
515 4041 597 4090 Asiam
617 4058 646 4091 ea
666 4043 737 4092 latit
756 4051 782 4093 et
845 4049 885 4094 64.
903 4047 939 4093 Ad
953 4047 1074 4106 apitaarlos
1088 4046 1172 4109 udos]
1205 4045 1377 4107 Eosdesiguab

215 4106 311 4156 eraut
325 4106 503 4171 navigantibus„
512 4115 539 4154 ut
549 4106 632 4155 Strabo
642 4108 728 4166 scribit,
738 4107 780 4156 lib.
812 4110 855 4172 qui
873 4110 984 4158 dividunt
1003 4110 1173 4176 magistratibus
1193 4112 1325 4172 pecuniam,
1351 4115 1381 4155 ut

214 4169 305 4236 Googr.
318 4176 357 4222 10.
812 4174 893 4221 idonci
914 4173 959 4222 sibi
980 4174 1052 4237 legati
1071 4176 1215 4240 seligantur5
1239 4174 1285 4222 nisi
1303 4173 1379 4222 etan
1400 4167 1403 4174 ⁴

247 4238 287 4282 49.
305 4236 376 4299 appu
392 4235 461 4312 vid]
489 4233 571 4300 Appia
590 4234 630 4282 via
647 4235 678 4282 ab
699 4234 780 4299 Appio
812 4236 934 4288 lucullum
944 4238 1040 4299 indicet,
1056 4255 1127 4305 quent
1137 4237 1248 4302 ttcanpt
1259 4238 1353 4303 pungit.

211 4293 316 4365 Chattis
326 4315 421 4350 camora
437 4303 501 4349 ducta
514 4308 563 4368 eat,¹
577 4299 618 4363 qui
628 4297 781 4350 Cusuannn·
847 4312 853 4322 ·
