2959 4959
534 327 630 395 PRO
652 328 872 399 MURENA.
1267 341 1326 405 177

91 458 167 523 riar
188 478 289 523 omne
303 454 456 525 ‹lelictum
470 456 571 525 scelus
592 480 660 523 esse
673 458 861 525 masculum
881 479 941 523 uec
966 457 1068 524 minda
1093 459 1279 547 delinquere
1342 512 1345 543 ,

94 566 183 622 mam,
198 543 258 631 qui
271 541 397 629 gallum
419 542 639 630 gallinaceum,
663 541 736 609 crim
759 567 840 693 opus
861 566 926 608 non
947 543 1051 623 suerit,
1076 542 1170 633 quam
1191 568 1278 625 eum,

96 632 155 717 qui
163 644 306 715 patrem,
320 627 539 694 suffocaverit:
555 627 727 715 sapientem
744 629 777 693 ni
802 629 825 692 il
839 629 974 715 opinari,
990 630 1108 696 nullius
1120 633 1164 695 rei
1196 634 1278 697 oeui·

95 727 178 792 tere,
201 712 341 778 nullbin
358 735 393 777 re
407 712 482 791 falli,
508 715 696 780 sententiam
712 727 834 779 mutare
848 736 1023 815 nunquam.
1071 716 1153 783 Haec
1173 653 1277 782 bomo

10 812 11 815 ’
95 800 386 900 ingeniosissimus,
402 797 451 864 M.
468 797 560 878 Cato,
576 799 758 865 auctoribus
773 800 990 865 eruditissrmis
1013 800 1171 881 inductus,
1198 803 1333 872 arri-20

122 900 196 961 nrt,
218 907 240 948 n
281 907 320 950 ue
339 883 523 971 disputandi
544 884 647 965 causi,
672 898 707 951 ut
729 907 845 972 magna
873 908 956 972 pars,
986 888 1041 952 sed
1068 888 1112 952 ita
1140 887 1276 954 vivendi.

94 907 229 1036 ¹i’etunt
248 972 287 1035 ai
313 969 366 1035 uid
387 968 577 1056 publicani?
598 994 673 1036 cave
688 970 861 1058 quidquam
887 971 1003 1037 habeat
1025 974 1177 1039 momenti
1203 996 1278 1061 gra·

100 1056 162 1120 tia.
208 994 372 1142 Suppiices
399 1054 500 1142 aliqui
527 1056 669 1133 veniunt,
694 1056 803 1121 miseri
824 1070 857 1121 et
878 1056 1076 1122 calamitosi?
1108 1059 1277 1125 sceleratus
1328 1140 1332 1147 ι

103 1155 141 1206 et
172 1141 311 1206 nefarius
338 1140 444 1219 fueris,
475 1141 500 1205 si
530 1136 701 1230 quidquam
732 1141 949 1207 misericordiis
974 1142 1129 1209 adductus
1157 1143 1277 1210 feceris.

104 1225 239 1292 Fatetur
259 1226 375 1313 aliquis
389 1249 422 1291 se
449 1225 606 1311 peccasse,
629 1241 661 1293 et
682 1228 748 1314 ejus
769 1226 877 1313 delicti
906 1230 1028 1293 reniam
1055 1227 1161 1315 petiti
1190 1229 1331 1301 nefa-aa

103 1311 189 1377 rium
205 1326 252 1377 est
273 1311 396 1376 facinus
419 1312 593 1411 ignoscere.
637 1315 679 1378 At
701 1313 770 1377 leve
791 1312 941 1379 delictum
956 1326 1021 1379 est:
1044 1315 1151 1379 omnia
1165 1337 1285 1399 pecea-¹

101 1410 224 1463 tasunt
239 1399 339 1482 paria.
372 1397 492 1462 Dixisti
507 1395 696 1485 quidpiam?
717 1398 844 1463 hlixum
860 1411 1057 1465 etstatuturu
1072 1412 1127 1464 est
1151 1399 1226 1465 Nou
1241 1424 1277 1467 re

99 1481 216 1549 ductus
230 1505 275 1557 es,
300 1482 353 1546 sed
368 1481 545 1568 opinione?
565 1484 688 1569 sapiens
712 1484 794 1550 nihil
819 1507 839 1548 o
863 1485 977 1551 inatur.
1022 1483 1146 1550 Errr'sti
1169 1484 1276 1574 aliqud

98 1569 135 1632 in
150 1567 214 1632 rei
237 1566 381 1633 maledici
395 1581 496 1653 putat.
542 1567 619 1635 Hira
633 1591 674 1634 ex
688 1569 856 1652 disciplina
873 1570 965 1635 uobis
988 1569 1044 1635 illa
1071 1584 1161 1638 sunt:
1194 1571 1276 1637 Dixi

96 1653 135 1717 iu
150 1665 281 1729 senatu,
298 1675 349 1727 me
369 1675 487 1721 nornen
509 1654 683 1729 consularis
697 1654 859 1720 candidati
877 1655 1067 1737 delaturum:
1091 1657 1188 1722 iratus
1203 1657 1276 1723 dix·
1289 1672 1333 1729 80

98 1739 171 1818 isti3
194 1760 369 1825 nunquam,
384 1741 498 1826 iuquit,
514 1740 637 1826 sapiens
650 1740 806 1805 irascitur.
865 1741 910 1805 At
924 1742 1075 1826 temporis
1089 1741 1195 1806 causis:
1216 1744 1280 1825 im·‚

10 1840 12 1851 ’
100 1825 208 1910 probi,
231 1823 346 1911 inquit,
369 1823 507 1888 hominis
532 1837 579 1890 est
600 1824 767 1890 mendacio
789 1824 916 1902 fallere;
940 1838 1063 1891 mutare
1077 1827 1278 1907 sententiam,

100 1921 198 1993 turpe
211 1925 275 1985 est;
298 1911 433 1988 exorari,
448 1908 561 1986 seclum
585 1911 735 1988 misereri,
758 1910 923 1997 flagitium.
979 1910 1089 1975 Nostri
1109 1924 1214 1975 autem
1229 1911 1277 1975 illi

104 1994 243 2080 (fatebor
258 1996 351 2074 euim,
381 1996 473 2074 Calo,
501 2017 552 2061 me
590 2018 694 2082 uoque
708 1997 740 2060 in
757 1996 979 2073 adolescentia,
995 1996 1132 2061 diffisum
1147 1986 1276 2082 ingenio

59 2160 66 2173 .
101 2101 187 2158 meo,
204 2077 349 2166 quaesisse
364 2080 545 2166 adjumenta
566 2020 735 2161 doctrinae)
752 2083 861 2160 nostri,
877 2083 1018 2182 inquam,
1042 2080 1089 2144 illi
1104 2078 1123 2143 a
1141 2080 1278 2147 Platone
1289 2094 1332 2153 85

103 2177 135 2230 et
146 2165 327 2244 Aristotele,
340 2167 495 2231 moderati
506 2167 652 2232 homines
662 2181 694 2232 et
708 2168 882 2253 temperati,
896 2166 1087 2254 aruntapud
1098 2167 1275 2253 sapientem

101 2251 207 2317 valere
227 2250 270 2315 ali
295 2252 401 2316 nando
421 2253 576 2340 gratiam:
599 2254 659 2318 viri
680 2253 758 2317 boni
778 2275 844 2319 asse
869 2253 1023 2319 misereri:
1036 2253 1198 2319 'distincta
1218 2275 1275 2341 ge-

101 2357 179 2401 nera
192 2361 261 2403 esse
271 2274 473 2416 delictorum,
489 2351 521 2403 et
535 2339 677 2439 disperes
690 2361 818 2424 poenas:
841 2362 907 2404 esse
920 2339 1004 2426 apud
1021 2337 1182 2404 hominem
1197 2360 1275 2404 con·

102 2433 237 2488 stantem
253 2422 440 2510 ignoscendi
464 2423 588 2489 locum:
611 2446 713 2510 ipsum
728 2427 900 2510 sapientem
926 2422 1011 2511 soepd
1025 2424 1144 2510 aliquid
1159 2426 1278 2511 opina·.

100 2508 139 2591 ri,
153 2507 242 2596 quod
256 2508 393 2591 nesciat:
416 2509 508 2574 irasci
523 2522 772 2597 nonnunquam:
795 2509 919 2574 exorari
934 2508 1090 2586 eumdem,
1117 2523 1148 2574 et
1169 2510 1276 2594 placa·
1286 2524 1332 2580 4⁰

100 2593 147 2657 ri:
190 2593 257 2678 uod
272 2594 401 2672 dixerit,
416 2593 586 2673 interdum,
602 2596 629 2669 §l
643 2596 688 2660 ito
703 2594 817 2659 rectius
832 2595 881 2671 sir,
897 2608 1038 2659 mutare:
1064 2593 1105 2658 de
1119 2593 1277 2658 sententiis

100 2617 255 2744 decedere
269 2678 460 2766 aliquando:
475 2702 586 2746 omnes
599 2680 731 2745 virtutes
747 2678 962 2743 mediocritate
972 2676 1110 2763 quisdam
1126 2699 1194 2741 esse
1208 2699 1275 2742 mo·

535 2888 659 2951 *stabile
671 2889 832 2968 rtfimrtm.

132 3166 171 3213 16:
190 3164 263 3213 Omra
271 3164 396 3229 delictum]
413 3164 534 3214 Volebam
544 3163 620 3214 Sto'icl
630 3164 673 3212 dc·
704 3160 800 3226 quando
810 3159 960 3217 irascebatur,
971 3157 1144 3223 implacabilem
1154 3174 1214 3217 csse,
1221 3159 1275 3208 aoli-

100 3226 180 3276 littam
189 3228 673 3294 omne,quantumcumqueminimumaliia
706 3234 755 3274 tum
770 3226 849 3274 fuisse.

98 3293 373 3349 rideatur,eriruenerae
384 3294 517 3342 maximum.
735 3293 776 3340 35.
794 3291 896 3346 ereriara
913 3290 1040 3338 cd'urrrenta
1059 3286 1183 3351 dotrina]
1208 3296 1212 3304 '
1235 3286 1276 3338 Ci-

135 3360 178 3405 18.
195 3356 374 3423 Naroma]
407 3359 555 3422 Opinarieat
570 3357 672 3414 incerta,
703 3309 1277 3419 eero,licitnulliphiloaophorumaectaaddictus
1317 3384 1319 3391 ,

99 3428 144 3469 aut
160 3420 244 3485 panim
258 3424 367 3488 cognita,
383 3423 421 3471 vel
436 3424 508 3472 etiarn
524 3422 559 3471 rei
580 3437 674 3498 prorsus
705 3420 783 3475 suerit,
795 3421 857 3469 visus
868 3428 992 3469 esttamen
1003 3418 1242 3484 Academicoaaequi.

99 3485 168 3535 falsae
185 3488 307 3536 mentiri:
324 3487 378 3537 crim
395 3486 673 3543 autemexstoieomm
738 3484 776 3532 lb.
795 3483 1002 3541 litidPlatarraet
1013 3485 1146 3549 Aristotele]
1170 3482 1278 3534 Platonis

98 3551 229 3608 aurentii,
245 3568 322 3617 aeque
337 3553 392 3617 capi
403 3569 481 3616 neque
491 3552 540 3600 falli
553 3552 627 3616 possit
637 3567 674 3600 sa·
705 3552 731 3597 'et
741 3549 874 3597 Aristotelis
884 3558 1002 3627 praecepta
1016 3547 1154 3598 Academici
1171 3557 1195 3597 et
1210 3548 1277 3598 Peri·

97 3616 202 3680 plenam
221 3617 229 3629 ’
245 3617 278 3664 ari
288 3618 360 3666 etiam
371 3633 419 3665 uon
435 3625 522 3680 potest.
722 3615 803 3662 atetici
819 3623 892 3662 secuti
908 3622 970 3671 sunt,
992 3630 1044 3678 qure
1066 3612 1181 3664 contraria
1204 3614 1277 3666 fuisse

132 3685 174 3730 21.
205 3683 346 3747 notanus]
390 3680 448 3729 Non
468 3678 673 3745 disputatdclllia
705 3630 794 3727 laren
805 3678 915 3727 ostendit

97 3744 217 3808 dogmati·
232 3747 366 3796 Stoicomm
383 3746 454 3804 Cato,
464 3747 507 3795 aed
517 3762 547 3794 ea
557 3744 586 3794 iis
600 3745 674 3792 vitam
736 3746 777 3792 36.
795 3742 1179 3807 Malrrutiborairreretttorperati]
1211 3745 1277 3794 Doc-

94 3824 168 3860 tum
176 3808 285 3859 inatimit.
705 3807 766 3856 trina
777 3807 908 3856 Stoicorum
919 3808 1058 3865 duriorluit,
1069 3819 1096 3856 ut
1110 3811 1180 3858 antei
1192 3810 1277 3859 Cicero

133 3877 174 3923 22.
192 3874 331 3941 Publiceni]
374 3874 400 3924 Sl
419 3874 463 3930 illi,
481 3873 530 3940 ,qul
549 3873 674 3939 vectigalia
705 3872 774 3928 dixit,
785 3872 1091 3923 etmitiorAcadernlcomm
1103 3872 1277 3938 etPeripateti·

94 3940 242 3999 morunt,
258 3948 383 4007 petuntur
398 3938 490 4005 aliquid
512 3938 556 3987 sibi
572 3939 674 3988 remitta-
704 3952 792 3986 corum.
1214 3956 1224 3971 ·
1290 3994 1296 4003 ¹

94 4006 182 4055 πηοί
192 4015 292 4073 propter
301 4006 398 4063 bellum,
416 4004 454 4053 vel
465 4012 562 4070 propter
575 4003 628 4052 eruli
639 4004 673 4051 ln·
737 4008 778 4053 40.
805 4001 876 4051 Irasci
905 4003 1083 4068 nonnunquam]
1108 3999 1278 4057 ‘Aristotelea

91 4069 177 4134 jurias,
188 4088 239 4121 nou
249 4072 352 4121 andiunt
362 4070 446 4120 Stoici.
705 4067 746 4116 lib.
766 4071 790 4118 8.
813 4067 891 4116 Ethic.
910 4071 969 4118 iram
987 4077 1064 4117 cotem
1081 4065 1223 4115 fortitudinia
1233 4080 1276 4113 ao·

128 4139 168 4186 n.
186 4135 298 4202 Neara]
331 4132 636 4203 Inaequalitatem
649 4142 674 4184 et
705 4133 787 4181 minat.
1221 4191 1228 4203 ι

94 4199 201 4251 niman
738 4203 778 4247 42.
797 4198 1002 4247 Mediocritataare
1020 4191 1162 4254 mederetur]
1196 4190 1277 4241 vrum

128 4268 168 4319 31.
184 4267 278 4332 sapam
303 4266 430 4331 tractae]
480 4260 621 4313 Plutarchus
648 4263 674 4311 in
705 4262 1000 4312 irainmediocritatealta
1009 4270 1055 4319 eat,
1068 4255 1278 4321 nunquidnam

93 4326 188 4385 Grau
197 4334 242 4395 air,
261 4346 318 4384 cara
327 4332 415 4386 euers
431 4344 480 4381 aon
496 4328 576 4395 irasci,
590 4328 675 4389 aedri
706 4329 815 4393 ascedat,
824 4328 897 4377 vlnus
907 4342 954 4376 aon
965 4327 1019 4374 ιη’
