2959 4959
521 329 573 395 rn
596 328 940 400 criminun.
1289 300 1363 407 'ios

121 478 190 526 esse
203 456 369 525 latentur:
393 477 488 521 nemo
501 457 535 521 in
558 457 654 523 sceui
678 457 778 525 levior
796 470 829 525 et
850 460 996 547 nequior,
1042 461 1075 525 ui
1089 482 1123 526 se
1134 483 1202 528 non
1215 444 1307 550 ejns-

119 545 195 611 dem
218 540 324 630 prope
339 541 482 607 sodalem
496 542 590 609 fuisse
602 557 839 611 oommemoret.
881 546 991 633 Atque
1013 481 1098 610 idem
1112 559 1218 613 temen
1232 561 1300 615 stu-

119 652 257 717 prorum
271 643 304 694 et
318 628 472 693 scelerum
487 629 713 695 exercitatione
726 630 925 710 assuefactus,
940 631 1072 731 frigore,
1096 644 1129 697 et
1151 632 1245 714 fame,
1265 647 1299 707 et

118 712 694 888 minist
708 715 917 867 tinnit
937 694 1359 872 ,maffia
1397 824 1401 831 -

557 849 566 875 s
1084 848 1094 881 2

120 884 325 971 audneidque
334 899 548 955 oonsnmeret.
593 886 690 951 Hunc
711 884 789 951 verb
810 887 835 949 si
849 887 897 952 sui
911 887 1029 953 fuerint
1041 889 1172 954 comites
1186 891 1299 970 secuti,

121 973 158 1037 si
182 993 225 1036 ex
245 971 321 1035 urbe
341 971 480 1036 exierint
502 969 739 1057 desperatorum
763 972 929 1037 hominum
954 973 1102 1060 flagitiosi
1166 997 1249 1062 eges,
1275 998 1298 1041 o
1392 1044 1395 1053 ,

128 1079 193 1122 nos
206 1053 332 1121 beatos!
356 1080 379 1120 o
394 1052 568 1142 Rempribl.
586 1056 798 1122 fortunatam!
827 1080 848 1122 o
875 1058 1061 1143 prrecluram
1075 1058 1128 1124 lau
1153 1082 1202 1124 em
1218 1082 1296 1125 oon„
1349 1076 1355 1085 ’

127 1140 248 1207 sulstris
269 1139 352 1205 mei!
378 1140 453 1205 Non
477 1142 563 1206 enim
580 1145 649 1229 jam
672 1156 747 1206 sunt
760 1142 934 1208 medioeres
950 1143 1116 1210 hominnm
1135 1144 1294 1224 libidines,
1308 1119 1355 1180 4⁵

125 1242 197 1292 nou
227 1228 380 1290 bumnuae
401 1226 562 1305 laudacie,
585 1250 622 1292 nc
643 1228 833 1292 tolerandae:
866 1228 946 1292 nibil
974 1230 1125 1317 cogitent,
1148 1232 1210 1295 nisi
1234 1253 1297 1297 ose-

124 1311 195 1390 des,
222 1313 285 1379 nisi
312 1310 471 1389 incendia,
500 1313 562 1377 nisi
590 1314 726 1398 rapinas.
772 1312 970 1378 Patrimonin
991 1337 1049 1379 suo
1096 1315 1298 1396 rofudernnt,
1327 1312 1337 1323 “

126 1397 271 1464 forninas
292 1419 366 1461 suas
380 1396 443 1461 obl·
490 1399 646 1463 rrieruntr
682 1421 733 1463 res
761 1421 815 1464 eos
834 1400 1038 1486 jampridem,
1069 1338 1147 1466 lidos
1160 1401 1298 1469 delinere

121 1506 168 1550 nu
213 1482 356 1568 rc'oepit
364 1506 375 1559 3
410 1420 520 1547 eddim
553 1495 659 1549 tamen
683 1483 748 1561 ills,
775 1506 848 1572 quae
872 1499 941 1550 erat
973 1485 1007 1549 in
1026 1484 1232 1566 abundantii,
1257 1487 1297 1551 li·

121 1569 205 1634 bio
232 1580 411 1654 permanet
469 1566 568 1646 Quod
603 1569 628 1634 si
658 1570 692 1632 in
720 1571 796 1633 sino
824 1582 857 1634 et
884 1569 954 1635 eled
981 1571 1218 1638 comissationes
1245 1548 1357 1638 so-50

123 1654 197 1720 ldm
220 1668 255 1718 et
278 1667 383 1719 scorta
402 1666 595 1741 quoererent,
618 1665 721 1718 essent
743 1652 794 1718 illi
814 1653 941 1741 quidem
963 1654 1161 1755 desperandi,
1177 1657 1231 1724 sed
1246 1670 1296 1723 ta·
1396 1671 1401 1679 '

126 1762 203 1805 rnen
229 1751 335 1803 essent
356 1738 496 1804 ferendi:
527 1739 589 1804 hoo
603 1738 679 1803 verb
701 1739 772 1839 quis
786 1736 868 1803 ferre
905 1741 989 1817 ossit,
1015 1756 1130 1806 inertes
1152 1743 1299 1809 homines
1330 1788 1333 1793 <

123 1825 310 1890 fortissimis
335 1823 411 1888 viris
424 1824 576 1901 insidiari,
592 1824 791 1889 stultissimos
804 1846 864 1912 pru
888 1825 1065 1903 entissimis,
1088 1826 1227 1892 ebriosos
1246 1849 1298 1891 oo-

125 1911 223 1987 briis,
247 1908 436 1976 dormientes
456 1907 685 1997 rigilantibus?
713 1909 770 1996 qui
791 1909 879 1986 mihi,
909 1909 1100 1975 accubantes
1128 1911 1161 1974 in
1189 1912 1298 1976 convi-

127 1996 204 2071 siis,
235 1993 389 2080 complexi
416 1996 564 2060 mulieres
588 1994 775 2081 impudicos,
803 1995 878 2058 vino
901 1993 1053 2083 languidi,
1077 1995 1228 2061 ‘conlecti
1253 1975 1358 2061 ci·⁵5

128 2080 187 2157 bo,
210 2080 302 2145 sertis
324 2079 472 2159 redimiti,
499 2082 668 2169 unguentis
692 2080 801 2163 obliti,
825 2079 979 2145 debilitati
1001 2082 1127 2167 stupris,
1154 2092 1300 2147 eructant

128 2165 330 2232 sermonibus
351 2167 416 2232 suis
436 2166 556 2233 endem
578 2167 746 2245 bonorum,
770 2178 864 2316 Ἕω
884 2168 972 2233 urbis
994 2167 1160 2245 incendia;
1183 2168 1301 2256 quibus
1335 2166 1340 2173 ’

131 2275 192 2340 ego
213 2250 342 2317 ooufido
363 2252 547 2337 impendere
567 2249 666 2317 fatum
688 2251 775 2339 aliqu
833 2275 841 2327 ;
882 2267 915 2318 et
941 2274 1063 2339 poenas,
1084 2253 1209 2341 jamdiu
1237 2254 1298 2318 im·

127 2337 293 2425 probitati,
316 2337 478 2425 nequitiae,
504 2335 622 2417 sceleri,
643 2334 767 2402 libidini
787 2336 921 2417 debitas,
936 2350 993 2404 aut
1012 2339 1130 2405 instare
1145 2341 1213 2428 jam
1227 2339 1300 2427 ple·

382 2538 587 2618 ·sortitudr'nis.
900 2537 1043 2620 ‘capent
1087 2602 1093 2615 ¹

166 2797 207 2842 37.
225 2791 324 2856 lerion]
356 2790 449 2840 Gellius
464 2791 522 2839 dicit
537 2792 583 2842 boo
601 2793 699 2842 verbnm
763 2791 804 2838 50.
822 2788 1004 2855 emmeram]
1036 2786 1303 2854 Anteprandism'en·

132 2856 417 2920 uondilierrerinepote,
428 2863 453 2903 et
462 2871 492 2904 ne
526 2871 572 2905 sm.
730 2852 817 2910 tsculs,
845 2860 899 2918 post
922 2868 1014 2902 omnm
1032 2856 1218 2911 nominationes,

79 2972 82 2977 ,
167 2925 208 2971 38.
225 2921 344 2984 sodalem]
378 2919 470 2968 Sodslis
485 2922 525 2969 lrc
544 2921 591 2970 diei
608 2921 700 2969 ridetur
731 2918 825 2966 buntur.

132 3000 178 3051 pso
196 2988 261 3036 socio
279 2987 304 3034 in
321 2985 390 3033 rebus
407 2984 532 3034 levioribus
550 2994 575 3034 et
591 2986 700 3050 voluptu·
764 2986 805 3032 52.
822 2981 1027 3046 immissores]
1060 2980 1187 3031 Contendo
1203 2982 1300 3049 elegan-

67 3098 72 3115 ,
131 3050 198 3100 nnis.
732 3048 829 3096 tissime.
869 3047 916 3097 Per
937 3048 1024 3111 inertes
1044 3046 1154 3109 exprimit
1173 3048 1255 3097 molles
1274 3056 1302 3098 et
1335 3062 1337 3067 ·
1400 3060 1404 3068 '

167 3119 208 3164 40.
226 3114 393 3163 Fortisols'stis
407 3116 453 3161 suis
466 3115 547 3179 ssriis.]
578 3113 701 3162 Interdum
731 3112 866 3177 languidos.

131 3180 250 3228 abusione
260 3181 357 3231 uomina
364 3186 543 3237 oommntsntur‚
551 3180 584 3227 ite
592 3187 618 3226 ut
626 3179 700 3234 fortis,
765 3180 806 3226 3³.
824 3175 942 3241 Driosot]
965 3172 1058 3224 Ebriosi
1068 3180 1130 3229 srmt,
1141 3173 1182 3236 qui
1192 3174 1223 3222 ed
1235 3175 1299 3224 ebri-

135 3244 214 3293 endex
224 3262 232 3303 ;
246 3245 357 3299 erudelis,
366 3259 459 3292 severus
469 3252 572 3294 vocetur.
732 3250 820 3291 etatem
831 3241 947 3306 proclives
957 3247 1028 3299 sunt;
1045 3238 1104 3286 ebrii
1115 3237 1180 3296 verd,
1194 3239 1236 3303 qui
1245 3239 1304 3288 tino

170 3314 211 3356 41.
230 3307 347 3357 industrie
361 3309 477 3373 subsidio]
509 3306 704 3359 Hebebstmultn
735 3308 841 3355 madent.

136 3373 233 3420 virtutis
250 3374 410 3431 instrumente,
427 3373 573 3422 nobilitatem
583 3371 703 3427 videlieet,
768 3374 808 3419 54.
826 3370 872 3425 Qut
887 3368 1107 3432 nibineesbmten]
1141 3366 1301 3433 Saneotionis

134 3436 189 3485 mim
198 3439 300 3500 eorporis
315 3438 438 3487 etenimi:
454 3436 702 3487 sodliisomnibussd
736 3435 868 3499 exemplum
879 3435 1054 3483 nobilissimum.
1387 3462 1405 3497 .'

134 3502 253 3551 iibidines
261 3513 285 3551 et
295 3504 417 3551 audaciam
426 3504 512 3551 ebusus
522 3512 566 3552 est
768 3501 809 3550 ⁵5.
828 3499 884 3548 Vino
892 3499 1015 3564 languidi]
1048 3497 1191 3562 Metsplrors
1201 3497 1232 3545 sb
1248 3498 1304 3547 ber·

171 3571 212 3618 42.
229 3567 351 3632 Am]
390 3567 431 3615 Ad
451 3568 541 3616 farinas
561 3566 705 3621 obeundum,
737 3564 782 3621 bis,
816 3581 857 3613 uss
873 3564 983 3628 languere
1002 3564 1111 3619 dicimus,
1129 3561 1184 3612 cium
1205 3562 1304 3611 doeoes·

136 3632 338 3681 adinsidinndnm
354 3632 483 3681 oocisonnn
495 3633 570 3688 bonis,
586 3640 611 3680 et
621 3632 652 3679 sd
664 3632 706 3679 ob·
740 3582 931 3692 cerelndplunt.
1188 3670 1193 3683 ,

136 3697 349 3761 sidendsstruprs,
359 3698 434 3745 sudas
444 3697 497 3744 init.
770 3695 810 3742 56.
827 3691 1020 3756 memmei]
1052 3691 1083 3740 In
1099 3692 1213 3740 conviviis
1230 3692 1305 3740 tussi·

171 3765 204 3810 48
230 3761 431 3827 Νίριπίιηπι]
465 3760 559 3825 legunt
568 3760 641 3825 sliqui
651 3759 707 3808 attr-
739 3759 776 3807 nt
794 3759 915 3807 luxuriosis
933 3772 1030 3806 ooronss
1052 3766 1076 3805 et
1095 3767 1214 3820 unguente
1236 3757 1306 3804 edhi-

199 3828 206 3841 ⁹
262 3835 279 3883 t,
291 3842 345 3890 que
359 3842 404 3874 vor
421 3824 567 3891 frequentiis
578 3826 706 3890 reperitur,
737 3824 793 3871 bere
804 3822 866 3871 soliti
877 3829 944 3870 erant
959 3830 1063 3870 veteres:
1081 3830 1108 3869 ut
1118 3821 1197 3885 ridere
1216 3818 1308 3884 sapide

137 3892 166 3939 sd
176 3899 222 3947 est.
227 3893 291 3940 bons
301 3908 344 3943 sus
351 3890 461 3940 tussibus
473 3890 558 3938 mensis
566 3898 591 3937 et
600 3890 707 3955 cupediis
738 3895 774 3935 est
785 3888 848 3953 spud
858 3886 990 3936 Horatium.

136 3972 238 4006 mosum
308 3966 344 4004 nt.
770 3951 808 4001 Ib.
836 3952 946 4003 Esuotsm
963 3949 1115 4012 mondus]
1157 3947 1306 3995 Trsnsleorrn

171 4020 210 4068 Ib.
249 4022 293 4069 rdet
313 4020 426 4085 definere]
456 4019 486 4068 Id
507 4028 552 4076 est,
572 4019 707 4068 fefellerunt
738 4020 835 4067 verbum
854 4019 884 4067 sb
902 4017 1035 4064 horninibus
1061 4014 1116 4065 rino
1133 4011 1259 4075 languidis,
1280 4020 1308 4060 et

132 4086 283 4144 oreditores;
296 4086 370 4150 qnare
377 4100 445 4133 nemo
453 4085 488 4134 eis
499 4083 599 4150 smplids
609 4085 707 4150 pecuni-
738 4083 793 4133 cibo
803 4083 925 4132 conlectis.

135 4149 274 4200 amerodit
772 4151 812 4197 58.
830 4147 912 4196 Fatum
921 4144 1031 4209 aliquid]
1064 4142 1148 4190 Fatum
1159 4152 1309 4204 prosperum,

170 4220 211 4265 49.
229 4213 311 4262 wito
324 4216 455 4279 pernam]
488 4214 548 4264 nee
564 4213 638 4263 libido
657 4231 707 4263 om·
739 4215 906 4268 etndrorsum,
965 4206 1161 4257 erslitrrdititut·
1379 4248 1381 4251 .

139 4280 542 4408 ffifflmueosdem
554 4287 609 4345 post
622 4278 708 4343 dilspi-
758 4226 1311 4389 ⁸139.instereffimlnstutquodqnasipraesens

743 4356 756 4389 e
