2959 4959
134 366 182 428 24
469 355 524 422 IN
546 349 805 429 CAECILIUM,
828 351 1096 418 DIVINATIO.

194 496 321 550 nostros
335 508 401 550 non
416 483 678 572 poenitebattum,
695 478 767 543 crim
780 478 994 561 P,Lentulus,
1009 479 1037 541 is
1068 480 1101 542 ni
1135 476 1363 562 riucepssena-

138 581 182 640 ³5
195 570 246 637 tiis
269 570 340 650 fuit,
368 572 534 635 accusabat
550 565 791 654 M'Aquillium,
807 563 1021 649 subscriptore
1044 500 1085 627 ἓ.
1112 498 1236 627 llutilio
1262 559 1361 637 Rufo,

194 669 251 722 aut
265 651 337 721 clim
354 657 392 722 P.
408 655 585 730 Africanus,
608 652 706 717 homo
719 652 845 729 virtute,
871 648 1010 725 fortuni,
1032 647 1148 734 gloriis,
1172 650 1264 713 rebus
1282 668 1363 796 gbl:

194 743 236 806 tis
250 742 468 827 amplissimus,
490 737 682 825 poteaqudm
698 738 745 800 bis
760 736 870 802 consul
890 749 922 800 et
944 756 1056 799 censor
1079 734 1191 812 fuerat,
1215 733 1254 798 L.

193 840 260 893 tam
276 830 311 892 in
319 827 475 913 judicium
489 824 631 889 vocabat.
675 823 753 889 Jure
768 838 836 888 turn
850 822 984 886 florebat
1004 819 1115 905 populi
1138 820 1278 884 Romani
1301 840 1363 882 no·

111 923 113 932 ’
194 935 283 982 tuen:
301 915 374 998 jure
388 912 557 976 auctoritas
575 910 669 994 hujus
693 909 829 993 imperii,
853 908 1050 992 civitatisque
1076 907 1232 992 majestas,
1255 903 1364 990 gravis

57 1025 59 1030 ¹
135 1009 183 1069 40
195 997 380 1064 habebatur.
425 997 531 1068 Nemo
546 997 720 1060 mirabatur
734 996 768 1056 in
780 983 938 1059 Aliicano
952 992 1017 1070 illo,
1041 991 1127 1077 quod
1143 993 1175 1054 in
1190 1012 1243 1054 me
1262 1011 1363 1065 nunc,

194 1084 325 1149 boariae
339 1083 443 1168 parvis
460 1084 573 1167 opibus
587 1104 625 1145 ac
643 1079 846 1145 facultatibus
864 1079 1010 1163 praedito,
1036 1076 1187 1141 simulant
1209 1099 1276 1139 sese
1299 1076 1365 1138 mi·

193 1170 269 1245 rari,
293 1165 365 1232 crim
388 1166 518 1234 moleste
540 1167 653 1232 ferant.
697 1166 787 1243 Quid
809 1165 869 1230 sibi
893 1166 950 1228 iste
971 1164 1062 1228 vult?
1086 1173 1366 1228 accusatorem-ne

193 1276 228 1317 se
243 1254 426 1328 existimari,
449 1255 503 1340 qni
518 1251 612 1317 anted
627 1251 795 1316 defendere
809 1248 1040 1315 consueverat?
1061 1272 1148 1315 nunc
1169 1247 1363 1333 praesertIm,

193 1337 234 1402 ed
242 1340 309 1424 jam
326 1340 515 1416 aetate,c1lm
529 1339 710 1403 aedilitatem
726 1335 836 1421 petat?
880 1336 952 1422 Ego
971 1334 1055 1412 verb,
1083 1348 1115 1401 et
1140 1332 1266 1398 daetatis
1291 1354 1364 1420 non

135 1435 181 1493 45
193 1415 293 1489 modb
307 1446 397 1501 meae,
412 1423 466 1488 sed
479 1424 579 1487 multo
590 1424 683 1488 etiam
692 1422 873 1507 superioris,
890 1435 922 1485 et
932 1421 1063 1484 honoris
1074 1419 1269 1507 amplissimi,
1279 1429 1364 1503 puto

192 1532 271 1588 esse,
295 1523 326 1574 et
340 1532 486 1575 accusare
501 1510 673 1594 improbos,
697 1523 728 1571 et
743 1508 875 1571 miseros
894 1506 1155 1592 calamitososque
1177 1503 1363 1569 defendere.

192 1594 239 1660 Et
252 1593 394 1680 profecto
409 1609 465 1659 aut
484 1593 545 1660 boc
569 1594 745 1659 remedium
768 1607 817 1658 est
841 1605 970 1678 aegrotae
995 1615 1032 1657 ac
1057 1589 1159 1677 prope
1183 1592 1362 1690 desperatae

192 1679 334 1765 Reipub.
344 1680 535 1768 judiciisque
549 1681 708 1767 corruptis
722 1701 759 1743 ac
774 1679 996 1744 contaminatis
1019 1694 1195 1763 paucorum
1217 1677 1295 1740 vitio
1321 1695 1362 1739 ac

190 1765 400 1852 turpitudine,
423 1768 568 1830 homines
583 1766 622 1830 ad
639 1766 744 1854 legum
760 1764 985 1841 defensionem,
1004 1763 1260 1849 judiciorumque
1281 1783 1360 1825 auc·

133 1853 363 1931 sonoritatem,
381 1851 477 1941 qudm
492 1852 728 1927 honestissimos
747 1864 779 1916 et
799 1850 1019 1938 integerrimos
1041 1849 1363 1936 diligentissimosque

189 1938 356 2005 accedere:
379 1952 444 2015 aut,
461 1939 487 2002 si
502 1961 542 2003 ne
556 1938 620 2003 hoc
635 1938 764 2025 quidem
780 1937 931 2021 prodesse
952 1937 1080 2020 poterit,
1103 1932 1247 2020 profecto
1270 1931 1362 1997 nulla

190 2046 332 2110 unquam
357 2024 517 2088 medicina
542 2024 592 2087 bis
615 2038 664 2088 tot
687 2022 898 2086 incommodis
922 2022 1107 2104 reperietur.
1152 2019 1250 2084 Nulla
1271 2017 1363 2104 >salua

192 2108 345 2193 Reipubl.
360 2112 460 2193 major
474 2121 530 2184 est,
554 2107 650 2194 qudm
666 2130 729 2182 eos,
756 2105 959 2208 quialterum
979 2117 1138 2194 accusant,
1161 2125 1228 2167 non
1253 2103 1361 2170 mintu

189 2193 233 2257 de
248 2194 350 2270 laude,
367 2192 406 2256 de
416 2193 553 2272 bonore,
568 2191 609 2255 de
624 2191 709 2255 faroli
723 2211 789 2266 sna,
807 2189 902 2275 quam
919 2188 999 2267 illos,
1022 2190 1077 2275 qui
1092 2200 1290 2264 accusantur,
1316 2188 1362 2252 de

133 2295 178 2357 55
192 2279 297 2361 capite
313 2300 350 2340 ac
366 2276 500 2341 fortunis
514 2277 587 2353 suis,
608 2277 842 2360 pertimescere.
886 2275 998 2361 Itaque
1013 2295 1138 2358 semper
1161 2272 1206 2337 illi
1221 2273 1363 2358 diligen·

189 2361 308 2428 tissime
337 2361 642 2447 laboriosissimeque
666 2359 868 2437 aecustirunt,
898 2362 953 2447 q'ui
968 2383 1001 2424 se
1019 2362 1103 2445 ipsos
1128 2359 1161 2422 iu
1185 2358 1362 2424 discrimen

188 2447 432 2512 existimationis
446 2447 554 2510 venire
567 2447 711 2512 arbitrati
727 2459 812 2510 sunt.

686 2554 867 2617 “senectam

221 2659 262 2707 34
281 2658 757 2724 CalasPob.Leatulm.]J.entnlns,pater
821 2665 861 2708 44.
896 2659 952 2707 &las
978 2661 1103 2708 aestuarem
1127 2655 1200 2720 petat]
1244 2654 1361 2704 AEdttua

186 2721 285 2773 Lentuli
304 2726 377 2781 Sura,
398 2725 582 2787 quiincarcere
599 2733 694 2787 propter
709 2725 756 2774 Ca-
789 2726 905 2775 restrudus
926 2733 976 2773 erat
997 2725 1152 2788 mrg'utratus,
1169 2722 1211 2784 qui
1232 2723 1359 2784 gerebatur

188 2789 263 2838 tilinre
273 2790 456 2852 conjurationem
466 2789 621 2852 strangulatus
632 2789 676 2837 es't.
788 2790 920 2853 inRepnb.
939 2790 1016 2838 Natus
1034 2798 1113 2837 autern
1130 2798 1180 2835 erat
1201 2794 1250 2833 tum
1272 2786 1359 2836 Cicero

222 2852 260 2902 Ib.
282 2854 386 2915 Princeps
405 2854 511 2918 annam]
530 2854 644 2916 Princeps
661 2853 756 2902 senatlrs
788 2871 862 2903 annos
873 2858 912 2903 36.
924 2857 1062 2903 haeautern
1080 2863 1137 2901 atas
1153 2849 1261 2899 aedilitati
1277 2850 1358 2913 legiti-

187 2915 378 2967 ieensoribnris
389 2919 519 2982 legebatur,
537 2919 578 2982 qui
588 2935 668 2967 eornm
678 2927 757 2967 vetus-
787 2937 825 2968 ma
835 2920 887 2966 fnit.

185 2982 290 3031 &imus
299 2991 358 3030 erat.
670 2991 672 2994 ’
821 2988 862 3032 45.
880 2983 1000 3030 &mutto
1009 2984 1074 3030 diurn
1087 2980 1224 3044 asperiore]
1242 2979 1357 3029 Ostendit

220 3049 263 3096 ³5.
291 3046 472 3112 M’Aqulllium.]
505 3046 651 3111 Aquinius
672 3046 756 3093 Marco
788 3047 827 3095 hlc
841 3045 1014 3095 nonsolirnrad
1032 3046 1203 3101 adolescentes,
1220 3044 1263 3091 sed
1281 3044 1355 3093 etiam

188 3108 296 3160 Antonio
306 3112 416 3160 defensus
427 3120 471 3167 est,
481 3112 563 3176 aperti
574 3110 660 3166 tunicii,
668 3119 695 3157 ut
706 3110 757 3174 ejus
790 3115 819 3160 ad
828 3113 897 3168 viros,
907 3111 1023 3175 pertinere
1031 3128 1114 3159 munus
1121 3108 1316 3163 acerentinum
1323 3110 1361 3176 de)

188 3177 311 3225 oioatriees
323 3186 468 3240 apparerent.
788 3177 938 3225 sublevandis
950 3176 1037 3225 miseris
1047 3177 1132 3240 agitur,
1148 3173 1202 3223 etim
1219 3174 1276 3221 illud
1294 3189 1355 3237 prae·

220 3244 263 3290 sr.
282 3241 308 3289 L.
320 3241 425 3305 Corona]
433 3239 758 3301 CottaiP.Afrieano,post
788 3243 866 3290 seram
892 3241 1025 3305 remptrint
1041 3242 1084 3289 viri
1101 3249 1171 3289 etate
1192 3239 1307 3303 provecti,
1328 3249 1355 3288 et

187 3307 317 3353 secundum
338 3307 482 3354 cumulatum
499 3312 524 3352 et
539 3320 669 3358 censuram,
687 3320 756 3352 accu—
787 3307 927 3356 consulares.

188 3377 314 3418 saturent:
332 3372 462 3432 quitameu
475 3370 546 3433 (teste
555 3369 632 3418 Cicer.
650 3369 674 3415 in
688 3368 755 3417 Orat.
819 3370 856 3419 lb.
885 3370 979 3417 Honoris
998 3370 1145 3434 amplissimi]
1174 3368 1221 3417 Per
1240 3369 1355 3417 honorem

187 3446 231 3494 pro
243 3434 353 3492 llorenlt)
368 3434 486 3482 absolutus
497 3441 541 3490 est,
560 3451 589 3484 ne
600 3433 659 3483 tanti
670 3435 755 3483 adver·
787 3435 962 3499 amplissimam,
972 3436 1116 3484 consulatum
1127 3432 1247 3496 intelligit,
1254 3434 1295 3497 qui
1302 3450 1355 3482 orn·

184 3497 727 3627 *letti*ttt'ttltlltf‘lnn.
785 3500 1224 3613 lillilffl⁰lff¹lml¹iil
1242 3564 1274 3609 o
1313 3562 1326 3609 a

185 3597 345 3741 {mprotbpnbm
355 3633 470 3738 contraqe
481 3600 586 3690 exponit,
603 3580 753 3705 quindeni}
784 3566 1193 3706 Palis·ciypqufflmgzrqetsgctm
1203 3578 1247 3683 di,
1257 3578 1311 3675 educa
1321 3579 1353 3675 ali

185 3701 754 3821 rapsa...
786 3704 970 3784 mirri·

182 3821 332 3871 ummtudo
348 3820 467 3869 deveniat.
803 3851 806 3862 .

640 3933 896 3995 PERORATIO.

230 4037 365 4105 XVIII.
389 4037 608 4113 Quamobrem
623 4037 685 4103 boc
700 4051 847 4117 statuere,
859 4040 993 4124 judices,
1009 4038 1141 4118 debetis,
1165 4038 1208 4117 Q.
1226 4035 1353 4103 Caecili-
1372 4091 1382 4110 „

183 4146 251 4202 um,
267 4125 308 4190 de
319 4122 478 4212 quonnlla
492 4145 633 4209 unquam
656 4134 669 4160 ¹
679 4126 789 4209 opinio
807 4124 914 4201 fuerit,
930 4124 1081 4210 nullaque
1094 4125 1128 4189 ln
1143 4123 1207 4189 hoc
1220 4125 1289 4209 ipso
1297 4123 1352 4207 jn·

179 4208 270 4282 dioio
284 4209 478 4297 exspectatio
494 4208 602 4273 futura
615 4210 665 4287 sit,
688 4213 745 4295 qui
760 4209 910 4297 nequent
932 4210 1005 4274 ante
1027 4209 1212 4278 bcollectam
1233 4210 1351 4273 famam

258 4307 271 4392 l
415 4313 602 4381 ‘aetimatio
614 4321 701 4382 bona.
916 4320 1114 4402 hacquisitam.
