2959 4959
524 378 593 448 ns
613 377 853 447 amorum.
1161 343 1164 353 ’
1214 395 1278 460 497
1310 408 1316 421 ·

87 540 89 545 ’
148 512 210 582 vl.
231 512 293 580 Est
319 524 426 581 autem
453 509 593 578 amicitia
619 506 701 574 nihil
727 507 816 577 aliud
838 506 901 573 nisi
929 508 1074 576 omnium
1097 511 1282 583 divinarum
1382 555 1390 567 ·

99 598 382 689 humanarumque
403 620 521 677 rerum,
536 618 608 663 cum
623 593 846 661 benevolentia
859 607 891 661 et
904 595 1044 676 caritate,
1065 620 1187 666 summa
1200 625 1281 669 con-

99 686 229 754 sensius
251 683 468 774 quiquidem,
481 682 567 750 hand
582 681 660 760 scio,
682 704 724 747 an
748 680 896 768 (excepti
914 705 947 746 sa
973 682 1085 766 ientifi)
1106 687 1280 788 quidquam

101 770 221 837 melius
234 771 359 837 homini
373 771 416 837 sit
429 766 520 835 ddiis
533 767 767 835 immortalibus
775 766 897 833 datum,
939 704 1079 836 ssiviuas
1088 771 1143 838 ahi
1153 794 1282 860 praepo7

102 870 200 935 nunt,
236 857 356 924 bonam
384 855 439 922 alii
467 853 691 932 valetudinem,
726 853 782 920 alii
817 854 1006 941 potentiam,
1041 856 1095 922 alii
1130 855 1281 939 honores,

102 942 202 1009 multi
225 944 322 1009 etiam
340 940 525 1029 voluptates.
570 938 756 1005 Belluarurn
774 938 837 1004 hoc
860 939 990 1026 quidem
1010 955 1189 1010 extremum
1214 954 1282 1011 est:
1309 1004 1311 1009 .

101 1026 162 1094 iila
186 1042 293 1096 autem
307 1029 471 1116 superiora
491 1024 613 1092 caduca
627 1039 659 1090 et
679 1026 811 1103 incerta,
837 1026 942 1110 posita
954 1048 1021 1093 non
1035 1042 1101 1095 tarn
1116 1031 1151 1095 in
1165 1030 1286 1097 nostris

102 1114 258 1192 consiliis,
309 1115 381 1181 adm
409 1110 607 1178 infortuna
632 1111 821 1175 temeritate.
821 1100 869 1210 s
880 1111 947 1187 Qui
971 1126 1077 1181 autern
1104 1116 1138 1181 in
1166 1118 1286 1183 virtute

102 1222 266 1266 summum
336 1221 415 1265 num
439 1208 576 1283 ponunt,
602 1194 760 1282 praeclare
785 1194 832 1259 illi
856 1195 1004 1283 quidemz
1037 1200 1092 1266 sed
1120 1201 1190 1270 haec
1212 1204 1284 1306 ipsa

102 1285 207 1353 virtus
220 1287 394 1351 amicitiam
413 1295 446 1347 et
458 1282 565 1371 gignit
578 1292 610 1345 et
630 1280 792 1346 continet:
814 1302 895 1360 nec„
909 1280 979 1346 sinc
993 1283 1121 1366 virtute,
1143 1289 1285 1355 amicrtia

102 1392 172 1438 csse
185 1370 254 1438 ullo
275 1383 371 1458 pacto
383 1381 499 1469 potest.
541 1366 615 1432 Jam
635 1365 785 1432 virtutem
810 1389 851 1432 ex
871 1369 1102 1436 consuetudine
1121 1374 1196 1440 vitae
1217 1398 1285 1441 ser·

16 1506 17 1517 ,
100 1458 274 1543 mortisque
295 1467 398 1519 nostrl
418 1453 680 1540 interpretemur3
703 1474 864 1533 neceam,
887 1465 924 1518 ut
942 1454 1074 1541 quidam
1095 1457 1193 1538 docti,
1214 1483 1286 1527 ser·

103 1542 225 1608 borum
248 1536 486 1628 magnificentid
508 1538 693 1615 metiamur3
715 1539 785 1603 riro
822 1563 864 1603 ue
877 1539 979 1604 bonos
1000 1564 1064 1620 eos,
1088 1543 1143 1629 qui
1163 1543 1286 1611 haben·

16 1690 18 1707 ,
104 1639 173 1704 tur,
203 1645 416 1703 numeremus,
448 1622 575 1703 Paulos,
607 1625 757 1703 Catones,
827 1625 916 1704 allos,
950 1625 1128 1714 Scipiones,
1163 1629 1287 1697 Philos.

101 1711 175 1779 His
189 1710 367 1779 communis
380 1711 446 1775 vita
469 1720 620 1776 contenta
639 1722 703 1786 est3
726 1732 781 1775 eos
806 1724 911 1776 autem
927 1711 1119 1792 omittamus,
1132 1744 1134 1751 ·
1147 1714 1202 1803 qui
1216 1738 1287 1783 om·

105 1797 191 1864 nino
218 1817 376 1884 nuquam
403 1796 615 1883 reperiuntur.
669 1794 769 1861 Tales
797 1796 896 1884 igitur
925 1796 1010 1862 inter
1035 1799 1121 1863 viros
1148 1802 1290 1869 amicitia

106 1896 216 1950 tantas
230 1882 484 1969 opportunitates
498 1878 604 1959 tiabet,
626 1892 762 1970 quantas
775 1882 831 1946 vix
853 1905 937 1970 queo
950 1881 1067 1950 dicere.
1111 1884 1290 1973 Principio,

108 1969 165 2035 oni
178 1980 285 2056 potest
298 1990 364 2034 esse
377 1967 443 2032 vito
455 1965 559 2033 vitulis
573 1972 623 2053 (ut
636 1969 684 2032 ait
697 1967 848 2049 Ennius),
863 1969 918 2055 qui
932 1990 998 2034 non
1019 1969 1053 2035 in
1068 1971 1163 2036 amici
1176 1972 1291 2038 mutui
1389 1972 1393 1985 '

103 2052 335 2120 benevolentit
353 2050 583 2141 conquiescat?
620 2051 710 2129 Quid
724 2051 861 2132 dulcius,
891 2076 988 2142 quam
1010 2052 1137 2137 habere,
1161 2056 1292 2145 quicum

108 2141 220 2207 omnia
235 2139 354 2207 audeas
375 2141 421 2205 sic
433 2140 533 2227 loqui,
557 2151 596 2204 ut
615 2136 748 2204 tecum?
791 2138 859 2217 Qui
880 2155 962 2207 esset
982 2154 1090 2207 tantus
1109 2142 1231 2210 fructus
1255 2143 1291 2209 in

108 2227 272 2314 prosperis
287 2225 391 2304 rebus3
414 2226 475 2291 nisi
489 2225 702 2313 haberes„qui
716 2224 780 2289 illis
794 2226 895 2314 reque,
916 2249 954 2292 ac
968 2239 1004 2293 tu
1018 2228 1097 2315 ipse,
1111 2228 1292 2330 gauderet?

109 2312 273 2379 Adversas
287 2309 365 2377 vcro
379 2311 464 2378 ferre
484 2310 613 2378 difficile
626 2323 707 2377 esset
718 2308 791 2376 sine
806 2335 855 2393 eo,
879 2313 934 2401 qui
949 2312 1020 2379 illas
1033 2314 1163 2403 gravide
1181 2318 1290 2397 etiam,

109 2398 210 2485 quiam
225 2411 272 2475 tu,
296 2398 401 2462 ferret.
445 2397 595 2483 Denique
616 2410 743 2462 caeteras
766 2420 826 2477 res,
849 2421 921 2485 quae
946 2414 1149 2488 expetuntur,
1172 2426 1292 2493 oppor-

107 2496 201 2550 tuna
215 2493 290 2546 sunt
310 2480 443 2566 singulae
457 2480 551 2545 rebus
565 2479 799 2568 fereringnlis:
821 2481 951 2559 divitica,
971 2497 1009 2549 ut
1022 2500 1129 2564 utare;
1153 2511 1240 2575 opes,
1256 2503 1294 2557 ut
1312 2566 1315 2571 ,
1348 2508 1353 2519 ·

109 2566 235 2644 colare3
259 2564 408 2644 honores,
423 2578 460 2629 ut
472 2563 619 2640 laudere3
641 2564 831 2649 voluptates,
847 2578 884 2630 ut
896 2567 1057 2653 gaudeam
1081 2572 1239 2653 valetudo,
1255 2586 1293 2642 ut

108 2650 227 2719 dolore
255 2671 373 2728 careas,
408 2663 442 2715 et
469 2647 654 2714 muneribus
683 2648 818 2735 fungare
848 2651 1003 2735 corporis.
1061 2655 1215 2723 Amicitia
1242 2679 1294 2724 res

109 2736 268 2827 plurimas
293 2734 451 2801 continet:
483 2730 612 2823 quoquo
637 2747 670 2799 te
693 2734 834 2812 verteris,
863 2735 981 2823 praesto
1008 2750 1072 2816 est;
1105 2740 1196 2806 nullo
1217 2742 1293 2809 loco

110 2821 313 2900 excluditur3
335 2842 499 2909 uunquam
517 2816 747 2906 intempestiia,
770 2842 933 2970 nunquam
960 2822 1102 2906 molesta,
1125 2838 1182 2892 est.
1227 2828 1293 2895 lta.
1336 2892 1338 2897 ,

113 2932 180 2998 que
193 2930 260 2974 non
316 2907 369 2987 ui,
395 2928 461 2973 non
476 2906 555 2995 igni,
571 2909 622 2992 (ut
642 2906 747 2989 aiunt)
772 2905 846 2992 plur
860 2909 918 2973 bus
938 2906 1017 2974 locis
1043 2912 1175 2993 utimur,
1196 2913 1294 3002 qudm

113 2994 265 3062 amicitid.
343 3015 455 3082 eques
477 3014 498 3057 o
519 3014 605 3057 nunc
628 2991 669 3057 de
682 2993 808 3080 vulgari
833 3007 888 3058 aut
901 2993 943 3059 de
967 2995 1121 3062 mediocri
1146 3002 1157 3082 (
1179 3024 1231 3069 uae
1245 3014 1295 3068 ta·

113 3101 191 3147 men
211 3081 280 3169 ipss
293 3092 326 3147 et
339 3016 477 3146 delectui
490 3076 689 3164 asmodeus),
715 3078 770 3144 sed
789 3078 921 3144 devera
942 3093 974 3145 et
995 3081 1144 3168 perfecti,
1159 3023 1294 3176 ioquor,

115 3166 220 3255 qualis
234 3189 357 3247 corum,
383 3166 439 3255 qui
462 3164 557 3252 pauci
571 3163 791 3243 nominantur,
814 3163 891 3231 fuit:
915 3188 990 3232 nam
1015 3181 1047 3233 et
1068 3171 1221 3237 secundas
1243 3196 1295 3239 res

105 3252 348 3403 ‚pplendidiores
361 3250 437 3318 facit
450 3249 602 3329 amicitia,
618 3261 650 3315 et
660 3248 816 3330 adversas,
831 3252 971 3338 partiens
982 3255 1305 3359 communicansque,-

133 3358 264 3403 amores.

165 3418 246 3487 VII.
284 3424 430 3511 Cquue
457 3409 611 3510 plurimis
638 3434 671 3488 ct
699 3423 854 3488 maximas
886 3424 1125 3501 commoditates
1155 3432 1296 3501 amicitia

118 3509 294 3589 cononem,
318 3522 386 3574 tum
409 3507 465 3573 illa
477 3510 627 3575 nimirum
642 3519 774 3594 praestst
786 3508 944 3590 omnibus,
971 3509 1059 3598 quod
1073 3513 1192 3582 bonam
1205 3542 1296 3607 spem

117 3592 273 3683 praelucct
298 3595 333 3659 in
355 3607 538 3681 posterum3
573 3617 634 3660 nec
658 3593 816 3659 debilitari
844 3595 968 3661 animos
995 3610 1052 3664 aut
1075 3601 1189 3669 cadere
1212 3606 1297 3691 pati.

118 3692 186 3746 tur.
242 3680 366 3747 Verum
393 3680 489 3745 etiam
513 3681 651 3747 amicum
679 3680 735 3768 qui
757 3679 909 3761 intuetur,
943 3694 1105 3772 tamquam
1130 3691 1296 3775 exemplar

118 3764 165 3831 ali
187 3766 252 3832 uod
274 3767 417 3833 intuetur
429 3765 497 3831 sui:
518 3765 669 3853 quocirca
682 3778 715 3832 et
740 3765 884 3833 absentes
897 3767 1024 3851 adsunt,
1050 3784 1083 3837 et
1096 3786 1224 3860 egentes
1237 3773 1295 3841 ab·

119 3871 168 3918 un
210 3863 257 3930 nt,
278 3865 311 3919 et
334 3849 638 3932 imbecillesvalent,
660 3863 694 3918 et
713 3851 815 3938 (quod
838 3852 996 3921 difficilius
1009 3855 1098 3922 dictu
1121 3856 1182 3938 est)
1206 3878 1295 3923 mor·

118 3935 172 4004 tui
193 3936 321 4015 rirunt3
346 3948 453 4005 tantus
477 3958 533 4002 sos
557 3935 671 4017 honos,
696 3938 860 4018 memoris,
881 3940 1072 4006 desiderium
1093 3943 1295 4029 prosequitur

121 4021 317 4090 amicorum:
338 4045 379 4089 cx
392 4046 458 4113 quo
471 4020 600 4088 illorum
613 4021 706 4089 beata
717 4046 802 4089 mors
812 4025 956 4102 videtum
978 4024 1095 4090 horum
1105 4024 1170 4092 vita
1183 4026 1295 4095 lauda·

120 4107 207 4175 bilis.
252 4104 353 4188 Quod
374 4109 401 4173 si
423 4108 579 4176 exemeris
600 4129 642 4173 ex
655 4108 772 4176 naturis
788 4132 897 4177 rernm
911 4110 1295 4267 benmlemioefficffi'

120 4214 216 4272 nean
237 4215 299 4264 nec
312 4192 426 4297 domus
442 4193 509 4261 ulla
522 4216 583 4298 nec
596 4194 673 4296 urbs
686 4206 769 4297 stare
782 4196 918 4297 poterit3
940 4216 982 4259 ne
995 4194 1065 4293 agri
1084 4218 1108 4295 q
1202 4285 1210 4300 .
1231 4285 1265 4302 ..
