2959 4959
677 312 802 434 vl'l'n.
1295 381 1355 450 xiii

123 491 349 597 mgnfiqqeii
375 493 529 558 orationis
552 494 586 558 in
608 493 767 561 studiosos
781 498 933 584 potentiae
943 520 1128 585 paucorum,
1151 517 1183 571 ‘t
1210 506 1357 596 Pffilpffi

121 583 256 660 midos,
271 591 416 645 nunecius
430 594 490 643 cst.

403 743 568 811 ANNUS
590 742 736 812 Unnls
759 747 991 816 CONDITAE
1013 761 1087 820 688.

229 873 303 934 Con.
314 871 353 932 1..
368 869 488 932 Aurelio
502 869 594 941 cneo,
611 872 649 931 L.
662 870 776 930 Manlio
795 869 948 952 Torquato,
971 882 1039 932 unte
1054 872 1195 933 Christum
1209 879 1259 937 64.

472 950 614 1010 Ciceronis
628 948 857 1038 quadragesimus
870 951 1013 1012 secundus.

170 1069 244 1135 Hoc
257 1090 346 1172 mnp
357 1067 454 1168 plura
467 1065 631 1156 contigere
644 1068 802 1156 prodigia,
813 1091 887 1154 quoe
900 1070 1041 1135 versibus
1051 1049 1216 1158 descripsit
1229 1074 1355 1148 Cicero.

127 1155 177 1221 Ει
191 1155 342 1221 Praetnrn
355 1176 390 1217 m
405 1156 602 1241 provinciam
611 1156 702 1221 abire
716 1155 836 1242 noluit3
859 1156 934 1241 quia
943 1156 975 1219 in
991 1178 1109 1222 anuum
1120 1180 1302 1246 sequentem
1314 1161 1356 1230 de

126 1241 303 1307 Consulatu
317 1240 458 1326 petendo
472 1241 642 1325 cogitabat.
686 1239 874 1306 Cornelium
889 1239 929 1304 de
941 1242 1101 1325 majestate
1113 1245 1199 1330 apud
1215 1246 1258 1323 Q.
1273 1246 1357 1313 Gal.

125 1327 190 1392 lum
218 1326 596 1414 Praetorem·quatriduo
609 1326 767 1392 defendit:
789 1325 845 1390 sed
868 1324 995 1391 illarum
1015 1329 1197 1396 orationum
1212 1332 1354 1421 reliqui·

122 1414 269 1499 quendam
282 1413 410 1478 tantiam
424 1424 551 1477 exstant
563 1412 650 1499 apud
665 1413 852 1478 Aesonium.

400 1576 566 1644 ANNUS
588 1577 733 1645 URBIS
756 1575 988 1643 CONDITAE
1009 1587 1084 1645 689.

244 1702 324 1762 Coss.
338 1701 377 1761 L.
394 1700 478 1764 Jntio
493 1701 617 1774 Centone,
639 1703 673 1764 C.
686 1702 803 1763 Marcio
817 1700 930 1780 Figulo,
952 1711 1019 1762 ante
1034 1702 1175 1764 Christum
1187 1709 1237 1766 68.

490 1781 633 1843 Ciceronis
644 1780 874 1863 quadragesimus
886 1781 995 1840 tertius.

169 1897 260 1964 cum
273 1917 390 1962 annum
398 1898 677 1987 quadragesimum
692 1902 832 1978 tertium,
849 1902 903 1987 qui
914 1899 1090 1965 consularis
1103 1911 1160 1979 est,
1178 1901 1292 1967 Cicero
1306 1915 1355 1969 at-

126 1985 263 2074 tigisset,
285 1984 478 2050 comulatam
495 1986 623 2070 petivit:
649 1987 683 2049 in
707 2009 774 2072 quo
795 1981 936 2072 petendo
962 1985 1035 2049 cim
1055 2009 1110 2050 sex
1132 1988 1357 2072 competitores

125 2071 270 2148 baberet,
299 2068 466 2135 univoce
488 2071 599 2157 populi
623 2071 760 2137 Romani
786 2073 907 2158 primus
933 2070 1054 2136 Consul
1080 2071 1278 2137 renuntiatus
1299 2084 1357 2139 est.

126 2149 210 2222 Cirta
233 2169 342 2222 antem
365 2157 399 2220 in
424 2155 493 2221 dies
513 2157 641 2223 licentia
661 2157 798 2222 ambitis
819 2169 989 2245 augeretur
1008 2171 1139 2244 propter
1162 2158 1357 2244 praecipuam

127 2242 277 2308 Catiliuae
291 2254 324 2308 et
349 2241 485 2326 Antonii
500 2243 673 2319 audaciam,
695 2259 861 2309 censuerat
886 2245 1030 2321 Senatus,
1054 2256 1090 2308 ut
1106 2242 1148 2308 ud
1171 2243 1200 2309 le
1222 2267 1273 2308 em
1288 2268 1357 2310 arn·

125 2328 208 2395 bitirs
233 2351 332 2415 poeua
394 2329 482 2392 avior
505 2328 684 2394 adderetur.
730 2329 793 2394 Cui
808 2330 853 2393 rei
876 2328 948 2393 edm
966 2328 1008 2406 Q.
1032 2328 1162 2394 Mucius
1219 2332 1356 2396 reatinus

126 2413 293 2480 Tribunus
306 2436 329 2500 p
382 2414 409 2477 is
422 2414 654 2492 intercessisset,
670 2415 809 2498 graviter
825 2417 944 2481 Senatu
959 2414 1211 2480 intercessionem
1225 2416 1355 2496 ferente,

127 2495 243 2568 Cicero
260 2500 409 2578 surrexit,
433 2513 527 2587 atque
541 2502 574 2564 in
594 2500 765 2566 coitionem
781 2499 928 2566 Catilinae
946 2513 977 2565 et
992 2501 1127 2565 Antonii
1142 2501 1283 2566 invectus
1298 2513 1356 2580 est,

124 2586 235 2652 habiit
248 2587 395 2652 oratione
419 2585 452 2649 in
470 2583 546 2675 togis
565 2585 710 2664 candidis,
733 2585 799 2672 quit
820 2587 989 2652 utebantur
1014 2586 1115 2671 quim
1160 2587 1286 2652 istratus
1324 2609 1358 2651 e·

124 2673 244 2738 iebant.
301 2671 379 2738 Hoc
403 2672 516 2736 eodem
537 2693 623 2736 anno
649 2671 692 2749 Q.
720 2669 851 2737 Gallum
876 2670 916 2735 de
938 2669 1059 2736 ambitu
1082 2670 1123 2735 de
1136 2669 1233 2749 eadit,
1255 2609 1357 2758 qudd,

127 2751 285 2825 Pinetum
298 2756 497 2837 candidatus,
512 2757 725 2845 gladiatorum
740 2780 856 2822 munus
869 2755 1016 2821 dedisset.

403 2922 568 2989 Annus
590 2905 734 2987 unns
759 2918 991 2988 counrrrn
1013 2929 1106 2986 eso.-

282 3034 361 3094 Gots.
375 3033 424 3094 Μ.
442 3031 536 3092 Tullio
548 3031 692 3100 Cicerone,
714 3031 747 3090 C.
763 3031 897 3101 Antonio,
918 3040 985 3089 onte
998 3029 1140 3089 Christum
1155 3033 1207 3090 62.

486 3110 627 3171 Ciceronis
638 3109 869 3191 quadragesimus
878 3120 1007 3191 quartus.

152 3230 257 3333 ¹(idm
274 3229 348 3330 Kar.
370 3227 531 3294 Januariis
545 3229 586 3295 de
599 3252 689 3330 more
704 3219 915 3328 Consulatum
932 3229 1047 3330 Cicero
1063 3227 1191 3303 iniisset,
1216 3225 1295 3290 vidit
1309 3226 1359 3290 ni·

128 3311 1359 3500 *inruerant..trintumturrrnrnrmn

129 3487 276 3553 Antonio
296 3487 379 3565 freti,
401 3490 652 3589 proscriptorum
672 3486 799 3571 asylis
814 3486 939 3562 liberos,
955 3507 1010 3572 qm
1030 3498 1183 3571 petitione
1198 3483 1358 3549 honorum

127 3575 244 3659 privati
266 3586 370 3652 erant,
393 3572 433 3638 ud
448 3587 649 3724 maqrstratus
671 3571 881 3637 adducebant.
927 3570 1041 3635 Rullus
1056 3569 1157 3658 legem
1182 3570 1303 3636 ferebat
1317 3570 1360 3634 de

127 3660 283 3749 agrisper
298 3658 424 3725 Italiam
438 3660 503 3725 dici
527 3659 636 3725 endis:
661 3659 822 3724 Labienus
837 3669 948 3722 contra
964 3656 1131 3721 Rabirium
1146 3656 1269 3738 tabulas
1284 3677 1360 3741 pro·
1475 3715 1476 3744 q

127 3747 287 3831 ponebat:
310 3744 465 3811 tumultus
482 3745 514 3810 in
531 3745 656 3811 theatro
677 3758 789 3810 contra
813 3741 974 3808 Othonem
1001 3756 1033 3806 et
1056 3742 1176 3829 equites
1199 3742 1360 3807 excitaba·
1475 3813 1476 3816 Ἴ

128 3847 191 3912 tur,
214 3832 331 3919 quibus
353 3829 420 3896 latis
440 3831 451 3895 l
524 3831 568 3896 ius
589 3845 669 3912 erat,
692 3844 728 3896 ut
751 3832 784 3893 in
799 3828 1036 3980 quatuordecim
1051 3826 1203 3915 gradibus
1217 3830 1251 3890 in
1267 3826 1360 3889 then·

129 3932 181 3982 tao
198 3918 367 3983 sederent:
392 3917 464 3983 Cnt‘
480 3940 533 3982 tua
553 3917 594 3983 de
612 3915 784 3982 evertendis
831 3914 926 3999 epub.
942 3915 1111 3999 cogitabat.
1155 3911 1264 3976 Athis
1288 3929 1360 3972 om-

129 4002 224 4069 nibus
239 4016 310 4069 tum
330 4001 416 4069 miri
429 4004 528 4068 animi
541 4003 735 4084 fortitudine²
758 4013 827 4065 tum
842 3999 1021 4064 admirabili
1036 3997 1225 4085 eloquentiis,
1244 3994 1360 4060 Cicero
1474 4001 1475 4062 ζ

37 4087 50 4110 ”
129 4090 280 4155 occurrit.
325 4089 412 4156 Nam
426 4090 605 4156 Antonium
619 4085 774 4177 patientiis
789 4100 821 4152 et
834 4086 986 4173 obsequio
999 4084 1164 4183 mitigavit,
1181 4081 1272 4230 eique
1284 4079 1360 4146 Ma·

130 4177 307 4255 oedouim,
324 4195 422 4263 quam
436 4177 566 4241 sortitus
576 4188 654 4254 erut,
668 4174 864 4262 provinciam
881 4170 1003 4249 detulit,
1020 4171 1143 4254 sibique
1155 4165 1218 4231 Gal
1234 4189 1294 4231 ram
1310 4189 1360 4232 as·

134 4263 273 4349 sumpsit,
289 4283 364 4350 quoe
380 4262 524 4327 Antonio
537 4261 729 4328 obvenerat:
751 4259 1002 4345 proscriptorum
1016 4254 1132 4319 liberos
1145 4253 1210 4317 suis
1224 4253 1361 4318 inimici-

134 4346 193 4428 tiis,
211 4347 305 4416 nulli
320 4346 456 4415 Senatus
471 4346 557 4415 mali
568 4346 684 4438 gratiis,
700 4346 940 4432 magistratuum
954 4345 1077 4407 honore
1090 4339 1236 4426 privavit,
1258 4359 1309 4418 ne,
1332 4337 1360 4402 si
