2959 4959
208 348 273 407 fios
487 360 490 365 ·
626 332 692 401 DE
715 331 954 399 AMICITIA.
1047 318 1092 343 '¹

207 468 243 533 in
257 464 410 532 famulatu
430 463 558 541 fuerint,
579 460 650 527 eirm
663 461 785 549 cogniti
798 473 883 540 sunt,
909 474 944 526 et
956 474 1013 527 aut
1036 460 1174 526 deorum·
1183 471 1241 526 aut
1261 480 1377 545 regum

208 552 268 618 filii
282 551 416 629 inventi,
431 550 567 616 retinent
577 561 687 617 samen
697 547 860 612 mutatam
872 549 907 610 in
916 559 1071 633 pastores,
1082 566 1162 634 quos
1175 560 1280 648 patres
1288 543 1376 607 uul-

207 650 260 705 tus
274 658 376 701 anuos
389 658 456 701 esse
469 634 637 700 duxerunt.
681 631 780 709 Quod
794 631 924 719 quidem
939 647 987 697 est
1000 633 1100 698 multo
1113 630 1256 720 proiecti)
1272 627 1372 729 magle

208 724 246 788 in
257 722 339 787 veris
352 721 494 807 patribus
506 718 662 805 oertisqne
674 717 854 783 iaciendum
866 741 875 781 ι
896 720 1016 783 fruetus
1030 720 1113 783 euim
1129 718 1249 806 ingenii
1263 731 1296 780 et
1310 736 1374 778 rtr-

110 845 122 859 -
209 807 298 887 tutis,
313 807 477 892 omnisque
488 805 690 890 prestantius,
713 816 781 868 tum
798 804 953 868 maximus
969 804 1105 889 eapitur,
1127 803 1202 869 oum
1216 805 1249 868 in
1265 801 1378 888 proxi-

210 902 301 960 mum
315 912 470 991 quemque
483 889 655 957 confertur.
1064 920 1069 929 ν

257 978 340 1043 XX.
363 976 411 1042 Ut
424 975 521 1063 igitur
534 974 568 1052 it,
593 974 646 1061 qui
662 986 734 1039 sunt
748 975 781 1039 in
796 974 943 1040 amicitias
956 974 1253 1075 conjunctionisque
1267 994 1378 1044 neeffl-

210 1063 348 1129 situdine
361 1062 546 1146 superiores,
568 1080 735 1148 exaequare
749 1082 783 1123 se
796 1083 868 1125 oum
889 1060 1083 1125 inferionbus
1103 1062 1244 1137 debent;
1266 1061 1314 1124 sie
1329 1060 1379 1123 in·

180 1150 183 1163 ‘
210 1149 340 1213 ferieres
363 1167 429 1209 non
445 1144 553 1211 dolere
578 1143 653 1210 sea
675 1147 738 1210 suis
753 1146 971 1233 aut'ingenim
997 1160 1052 1211 aut
1067 1144 1204 1222 fortuni,
1229 1160 1292 1209 aut
1306 1145 1340 1209 di
1363 1181 1378 1195 -

210 1234 320 1310 nitate,
335 1232 493 1318 superari3
514 1252 649 1318 qnorum
673 1231 817 1317 plerique
830 1248 886 1296 aut
929 1244 1081 1297 ueruntur
1100 1252 1221 1316 semper
1235 1168 1378 1316 aliquib,

149 1314 154 1320 ’
208 1318 374 1384 autetiam
388 1316 597 1403 exprobrant3
620 1339 659 1381 eo
682 1339 721 1381 ue
735 1314 845 1404 magle,
868 1255 1025 1382 elisabete
1039 1340 1072 1401 se
1086 1329 1210 1403 putant,
1222 1317 1317 1402 quod
1334 1315 1382 1380 ol·

209 1403 322 1468 ficiens
335 1415 367 1468 et
380 1400 492 1481 amice,
513 1416 570 1467 aut
583 1338 780 1468 cumlabore
794 1402 900 1489 aliquo
912 1425 981 1481 suo,
995 1403 1112 1468 buum
1127 1417 1246 1491 queant
1257 1400 1380 1466 (lisere.

212 1487 371 1555 Odiosum
396 1485 473 1553 sane
485 1508 585 1575 genus
605 1487 773 1553 hominurn
793 1488 898 1553 officia
910 1488 1192 1579 exprobrantium
1215 1510 1291 1574 qnae
1315 1509 1378 1551 rue·

211 1575 342 1641 minisse
355 1573 449 1639 debet
472 1574 510 1652 is,
533 1573 674 1660 inquom
698 1572 815 1638 collatu
839 1586 923 1647 sunt,
945 1596 1010 1638 non
1036 1596 1302 1652 commemorare,
1347 1573 1375 1635 ui

210 1658 355 1724 eontulit.
400 1659 627 1736 Quamobrem,
644 1671 679 1724 ut
687 1659 719 1738 ii,
731 1659 786 1745 qui
801 1660 976 1745 superiores
984 1673 1068 1739 sunt,
1081 1660 1270 1726 submittere
1280 1683 1315 1724 se
1325 1596 1376 1723 ie—

210 1743 331 1821 bentin
340 1743 497 1821 amicitib3
512 1745 558 1809 sie
568 1744 707 1831 quodam
716 1744 814 1808 modo
824 1744 988 1809 inferiores
999 1745 1163 1811 extollere.
1199 1747 1281 1810 Sunt
1292 1747 1375 1808 enim

148 1836 153 1851 ¹
210 1826 352 1916 quidem,
375 1832 430 1918 qni
452 1829 596 1895 molestas
609 1830 764 1895 amicitias
778 1830 907 1905 iaciunt,
931 1830 1002 1895 cum
1017 1831 1078 1916 ipsi
1093 1854 1126 1895 se
1140 1832 1297 1897 contemni
1311 1843 1375 1912 pu·

210 1926 300 1993 tant3
322 1916 409 2016 quod
429 1938 494 1981 non
519 1913 586 1980 fere
609 1916 775 2003 contingit,
797 1916 858 1980 nisi
873 1917 911 1979 iis
935 1918 990 2003 qni
1005 1916 1100 1981 etiarn
1124 1914 1375 1984 contemnendos

131 2078 137 2084 Ι
212 2017 246 2066 se
270 2001 479 2078 arbitrantur3
504 2001 560 2088 qui
581 1998 642 2066 hec
664 2001 824 2087 opinione,
847 2024 910 2066 non
937 2000 1035 2066 mode
1060 2003 1176 2081 verbis,
1199 2001 1255 2067 sed
1279 2001 1373 2066 etism

210 2108 317 2171 opere,
328 2085 548 2151 levandi-sunt
593 2086 625 2150 T
624 2102 733 2151 autum
745 2100 850 2151 autem
866 2087 980 2174 cuique
993 2088 1207 2163 tribuendum,
1222 2086 1373 2172 primum,

233 2182 363 2234 uantum
385 2169 453 2254 ipse
469 2171 592 2235 effieere
605 2173 727 2255 possis;
749 2170 865 2235 deinde
889 2174 993 2251 etiam,
1016 2189 1164 2261 quantum
1187 2173 1251 2248 ille,
1276 2191 1373 2255 quern

208 2193 323 2338 iiligas
336 2267 431 2338 atque
445 2253 581 2337 adjuves,
596 2256 760 2319 sustinere.
806 2255 881 2320 Non
897 2261 981 2322 enirn
997 2272 1032 2323 tn
1045 2259 1147 2344 possis,
1162 2252 1372 2343 quantumvis

206 2335 282 2401 licet
296 2337 439 2413 excellas,
466 2356 575 2402 omnes
597 2351 667 2402 tuos
680 2339 723 2403 atl
739 2340 877 2406 honores
899 2344 1104 2429 amplissimos
1116 2343 1310 2428 producere:
1332 2351 1373 2404 ut

209 2410 319 2507 Scipio
336 2421 373 2487 P.
390 2422 545 2487 Rutilium
568 2425 672 2510 potuit
685 2425 847 2491 consulem
862 2428 995 2508 efficere,
1009 2428 1138 2495 fratrem
1152 2429 1218 2515 ejus
1231 2426 1373 2492 Lucium

185 2572 189 2577 ,
207 2527 275 2573 nou
289 2508 402 2593 potnit
447 2506 544 2586 Quod
560 2511 586 2574 si
602 2511 695 2575 etiam
710 2512 810 2598 possis
832 2515 955 2601 quidvis
969 2514 1091 2580 deferre
1104 2515 1145 2580 ad
1160 2514 1309 2591 alterurn,
1330 2512 1373 2576 ri·

209 2591 349 2659 dendum
365 2607 412 2661 est
425 2608 540 2674 tamen,
562 2596 639 2683 quid
663 2595 716 2663 ille
730 2599 829 2683 possit
842 2600 1004 2665 sustinere.
1048 2601 1193 2665 Omnino
1215 2600 1372 2676 amicitia,

173 2686 176 2695 '
209 2680 424 2746 oorroboratis
433 2682 499 2767 jam
515 2683 772 2769 confirmatisque
785 2696 817 2748 et
830 2684 965 2770 ingeniis
975 2702 1008 2751 et
1022 2687 1179 2763 rotatibus,
1192 2683 1371 2772 judicandus

209 2776 302 2841 sunt3
324 2786 393 2844 neu,
416 2768 501 2853 siqui·
519 2768 647 2833 ineunte
675 2784 767 2834 aetate
780 2770 916 2835 venandi
937 2783 993 2837 aut
1006 2772 1080 2857 pilae
1094 2773 1230 2838 studiosi
1244 2770 1369 2848 suerint,

209 2871 263 2913 eos
281 2849 396 2913 habere
410 2855 600 2917 necessarios
618 2867 753 2949 oportet,
775 2878 854 2954 quos
876 2870 943 2922 tum
965 2858 1077 2923 eodem
1098 2858 1206 2923 studio
1220 2857 1370 2944 preditos

124 2939 127 2945 '
207 2933 403 2999 dilexerunt:
428 2936 488 3000 isto
502 2934 585 3001 enim
601 2939 697 3004 modo
710 2954 849 3006 nutrices
867 2956 899 3008 et
912 2944 1090 3031 poedaoogi
1115 2945 1185 3008 ‘ure
1198 2942 1368 3017 vetustatis,

206 3014 380 3101 plurimum
395 3021 623 3123 benevolentife
641 3024 862 3109 postulabunt3
884 3031 939 3114 qui
953 2966 1136 3129 negligentii
1150 3029 1276 3116 quidem
1300 3047 1369 3090 nou

208 3113 292 3182 sont,
308 3103 362 3168 sed
381 3105 443 3171 also
458 3109 594 3192 quodem
609 3109 705 3176 modo
719 3110 862 3178 colendi:
885 3114 975 3179 aliter
988 3116 1136 3181 amicitiae
1150 3113 1274 3180 stabiles
1294 3133 1370 3197 per·

207 3208 337 3255 munere
349 3212 414 3255 non
428 3206 576 3276 possunt:
599 3193 739 3279 dispares
752 3199 837 3262 enim
848 3220 951 3264 mores
961 3200 1100 3285 disparia
1113 3200 1217 3265 studia
1230 3218 1369 3286 sequnn-

207 3285 270 3353 tur,
281 3297 415 3361 quorum
426 3276 647 3342 dissimilitudo
655 3280 971 3350 dissociatamicitias.
1001 3285 1229 3352 Necobaliam
1240 3305 1368 3351 cansam

206 3357 304 3423 ullam
320 3360 395 3424 boni
410 3362 571 3447 improbis,
594 3363 731 3450 improbi
746 3367 848 3446 bonis,
873 3371 967 3434 sinici
980 3392 1047 3435 esse
1060 3392 1127 3438 nou
1141 3386 1286 3458 possunt,
1297 3369 1369 3434 nisi

205 3439 294 3526 qubd
307 3456 395 3509 tanta
409 3461 456 3511 est
466 3447 548 3513 inter
561 3471 624 3528 eos
637 3464 755 3537 quanta
769 3455 907 3519 maxima
920 3467 1113 3541 potestesse,
1129 3479 1255 3521 morum
1265 3453 1367 3519 studi-

187 3574 190 3577 -
204 3545 360 3613 oramque
372 3530 532 3598 distantis.
577 3535 782 3602 Recessim
793 3540 923 3624 praecipi
934 3553 1038 3625 potest
1048 3543 1081 3606 in
1090 3543 1244 3613 amicitiis,
1259 3562 1300 3604 ne
1311 3538 1366 3602 in·

132 3694 135 3699 ἱ
205 3621 378 3712 temperata
391 3617 537 3702 quaedam
551 3618 768 3687 benevolentia
782 3622 881 3721 (qnod
893 3646 936 3709 pe
977 3706 979 3709 Ι
1018 3650 1036 3692 e
1049 3627 1100 3708 fit)
1111 3626 1259 3713 impediat
1272 3645 1365 3711 mag·

153 3717 168 3759 .‘
204 3718 262 3799 nas
283 3696 433 3849 spplitates
448 3704 633 3770 amisorum.
677 3707 745 3772 Nec
759 3728 843 3807 emm
858 3714 908 3809 (ut
928 3648 1105 3779 ffibulas
1123 3709 1263 3789 redeam)
1277 3710 1367 3775 Tro·

198 3786 657 3950 ssent*
668 3805 893 3963 ,essse
902 3795 1368 3970 titurius

202 3953 361 4059 solprpset.
406 3957 448 4024 Et
461 3958 713 4059 saepeoineidunt
733 3982 858 4051 magum
879 3987 937 4044 res,
961 3980 996 4032 ut
1013 3968 1243 4068 flisoedeudurn
1257 3971 1298 4032 sit
1316 3962 1362 4067 pb

177 4125 182 4137 -
201 4061 532 4227 esseest
544 4042 1146 4219 snttttttstttstrr
1175 4045 1366 4215 ”tttt

200 4225 237 4268 m
250 4211 516 4307 amrmnlrparrlm
531 4214 646 4301 justus.
689 4218 797 4306 Atque
810 4222 844 4285 in
858 4221 945 4285 omni
967 4243 1003 4287 re
1016 4226 1103 4289 eous'
1225 4247 1282 4290 nm
1305 4240 1363 4300 est,

200 4301 235 4361 et
246 4295 322 4383 quid
336 4297 474 4380 postules
486 4300 528 4365 ab
541 4301 654 4384 amieo,
674 4315 707 4370 st
720 4304 798 4392 quid
810 4308 932 4394 patiare
945 4304 966 4371 a
980 4311 1201 4397 reimpetrari.
