2959 4959
539 322 607 407 nn
628 288 867 392 immun.
1056 360 1058 363 ·
1228 336 1291 398 sss

100 450 191 536 jore,
213 451 271 539 qui
291 461 340 518 est
359 451 498 539 scriptus
511 448 554 517 nd
567 462 600 517 te
613 449 653 517 de
665 463 838 532 senectute,
863 449 1021 519 Catonem
1045 453 1159 521 induxi
1183 474 1295 523 senem

117 532 346 622 disputantem,
368 536 445 625 quio
466 535 556 602 nulls
575 532 741 603 videbatur
770 537 876 625 optior
896 548 1042 625 persona,
1077 564 1150 639 quae
1174 541 1216 609 de
1237 539 1294 606 illb
1356 576 1359 583 ⁴
1399 588 1401 594 s

110 633 214 699 estete
227 621 420 710 loqueretur,
435 621 533 711 quim
547 622 622 709 ejus,
645 621 702 710 qni
716 634 748 688 et
761 622 936 691 diutissime
949 646 1047 691 senex
1060 624 1180 703 tiruset,
1199 639 1232 692 et
1255 628 1294 694 in

113 704 191 797 ipsis
204 720 364 775 senectute
377 731 445 797 pres
457 709 577 774 caeteris
598 708 778 787 floruisset3
798 709 852 789 sic,
864 709 938 775 clm
960 711 1187 796 accepissemus
1200 709 1221 774 b
1233 735 1293 813 pa·

111 790 222 869 tribus
236 793 374 859 maxime
386 793 624 860 memorabilem
646 792 686 858 C.
706 790 794 860 Leelii
809 807 842 860 et
862 794 901 861 P.
924 794 1084 882 Scipionis
1096 795 1294 863 familiarite·

114 888 185 942 tem
199 877 304 959 fuisse,
320 878 433 946 idonee
445 879 524 946 mibi
539 878 633 946 Loelii
646 902 783 966 persons
795 881 864 945 vise
876 892 934 958 est,
949 903 1022 969 qum
1041 881 1084 946 de
1092 879 1232 947 amicitis
1253 905 1293 948 en

113 962 188 1049 ipse
201 964 378 1045 dissereret,
400 988 472 1055 quoe
485 965 644 1051 disputate
658 965 699 1030 sb
713 982 753 1031 'eo
770 966 967 1032 meminisset
982 967 1134 1034 Scoevols.
1178 967 1292 1033 Genus

111 1061 226 1114 autem
245 1050 308 1117 hoo
318 1073 513 1130 sermonum,
527 1051 668 1137 positum
690 1050 725 1115 in
749 1049 916 1115 hominum
934 1064 1075 1121 veterum
1091 1053 1292 1132 anctoritate,

66 1180 69 1184 -
111 1145 151 1207 et
171 1157 281 1202 eorum
295 1136 477 1216 illustrium,
492 1134 576 1223 plus,
591 1135 778 1223 nescioquo
802 1149 907 1220 pacto,
929 1137 1054 1203 videtur
1078 1138 1197 1205 babere
1216 1161 1291 1226 gre·

113 1219 234 1287 vitetis.
287 1222 402 1312 Itaque
422 1223 491 1308 ipse
517 1242 589 1285 meo
609 1219 718 1307 legens
749 1221 794 1284 sio
814 1220 934 1286 officior
961 1221 1132 1304 interdum,
1163 1237 1198 1289 ut
1226 1224 1292 1290 Cs-

109 1317 234 1386 tonem,
248 1330 316 1373 non
332 1331 395 1387 me,
416 1307 506 1395 loqui
519 1304 706 1372 existimem.
752 1304 829 1383 Sed,
851 1318 888 1371 ut
907 1320 974 1371 tum
1000 1308 1043 1372 sd
1066 1331 1172 1375 senem
1193 1331 1292 1375 senex

109 1388 156 1459 de
176 1405 349 1471 senectute,
372 1392 418 1457 sic
447 1391 512 1456 hoc
532 1390 617 1455 libro
648 1390 690 1456 sd
722 1392 861 1457 amicum
890 1391 1099 1461 amicissimus
1120 1394 1160 1458 de
1181 1395 1292 1462 amici·

109 1473 163 1540 eit
184 1478 305 1577 scripsi.
349 1476 439 1542 Tum
461 1490 509 1542 est
531 1476 615 1541 Ceto
635 1475 771 1559 locutus,
796 1500 861 1565 qno
889 1491 958 1544 erat
979 1500 1075 1543 nemo
1096 1475 1163 1543 fere
1185 1483 1292 1547 senior

109 1563 315 1646 temporibus
339 1561 412 1641 illis,
427 1583 523 1627 nemo
544 1560 749 1649 prudentiore
772 1585 858 1628 nunc
877 1563 1006 1643 Loelius,
1032 1577 1065 1629 et
1086 1564 1211 1651 sapiens
1232 1568 1292 1665 (sic

111 1645 204 1709 enim
226 1659 273 1711 est
301 1645 457 1727 habitus),
479 1661 511 1712 et
545 1647 694 1713 smicitim
728 1647 833 1735 glorib
868 1648 1034 1727 excellens,
1074 1648 1115 1714 de
1151 1649 1292 1716 amicitia

110 1728 269 1817 loquitur.
312 1730 377 1812 Tu,
400 1732 505 1812 velim,
528 1734 671 1798 animum
692 1730 713 1796 b
733 1755 786 1798 me
830 1756 979 1820 erumper
992 1746 1132 1810 avertem
1153 1735 1294 1817 Loelium

111 1812 206 1901 loqui
220 1817 324 1904 ipsum
338 1831 442 1905 putes.
487 1818 526 1885 C.
543 1818 685 1884 Fannius
699 1830 731 1883 et
747 1817 790 1895 Q.
845 1819 933 1884 ueius
947 1818 988 1883 nd
1001 1839 1144 1883 socerum
1158 1823 1292 1887 veniunt

109 1915 339 1987 postmortem
354 1903 508 1974 Africani.
553 1903 668 1977 Abbis
682 1925 787 1969 sermo
801 1903 915 1969 oritur.
959 1902 1144 1989 Respondet
1153 1905 1290 1981 Loeliusz

110 1988 206 2073 cujus
227 2000 295 2053 tote
316 1989 492 2080 disputatio
513 2003 560 2055 est
580 1989 622 2055 de
642 1988 792 2069 amicitiis,
819 2011 916 2076 quam
933 1988 1043 2077 legens
1062 2000 1129 2053 tute
1147 1990 1215 2074 ipse
1237 2013 1292 2055 co-

111 2091 260 2159 gnosces

447 2260 963 2331 Loelius.-Funnius.-Scaevolu.

160 2429 207 2494 11.
229 2432 375 2497 Fannius.
420 2434 587 2513 Suntiste,
603 2436 708 2499 Laeli:
732 2457 793 2500 nec
817 2436 904 2515 enim
917 2432 1032 2501 melior
1046 2430 1095 2496 vir
1118 2429 1179 2496 fuit
1204 2427 1292 2494 Afri·

109 2534 199 2578 cono
213 2517 390 2602 qnisquam,
405 2537 465 2581 nec
479 2516 604 2583 clarior.
628 2519 692 2584 Sed
704 2510 885 2584 existimare
898 2520 1003 2595 debes,
1019 2516 1163 2582 omnium
1180 2512 1291 2583 oculos

113 2598 151 2664 in
166 2614 199 2664 te
212 2621 279 2665 esso
291 2602 468 2666 con'ectos:
484 2623 584 2668 unum
596 2615 628 2667 te
642 2604 817 2689 sapientem
831 2617 863 2668 et
877 2602 1039 2688 appellant
1052 2612 1085 2667 et
1098 2600 1292 2667 existimant.

111 2681 336 2751 Tribuebatur
346 2625 410 2780 loc
423 2685 521 2752 modo
534 2687 584 2752 M.
602 2686 737 2753 Catoni:
760 2689 876 2781 scimus
887 2688 926 2753 L.
940 2687 1075 2753 Atilium
1090 2686 1176 2771 apud
1187 2698 1295 2771 potres

111 2781 243 2836 nostros
263 2771 457 2857 appellatum
484 2794 552 2838 esse
579 2773 772 2859 sapientem:
809 2774 867 2838 sed
902 2785 1035 2859 uterque
1062 2770 1126 2837 elio
1152 2771 1295 2858 quodam

111 2854 233 2922 modo:
256 2857 385 2937 Atilius,
406 2857 482 2945 quis
503 2858 643 2944 prudens
657 2882 724 2925 esse
745 2860 779 2923 in
795 2860 869 2945 jure
883 2857 968 2924 civili
981 2858 1173 2944 putubatur3
1197 2856 1292 2936 Coto,
1349 2876 1352 2889 ’

112 2941 192 3028 quin
220 2942 392 3009 multorum
414 2966 522 3009 rerum
544 2967 635 3010 usum
656 2944 814 3021 hebebat3
851 2945 1013 3032 multoque
1041 2946 1107 3030 ejus
1128 2943 1215 3007 etin
1243 2965 1294 3006 se·

112 3040 195 3094 natu
217 3030 302 3095 etin
323 3030 397 3096 foro
419 3029 469 3095 vel
489 3031 617 3116 provisa
638 3031 823 3116 prudenter,
845 3030 895 3097 vel
917 3043 988 3096 octo
1016 3043 1207 3107 constanter,
1241 3026 1293 3094 vel

113 3133 268 3199 responsa
288 3113 392 3195 ocuti,
414 3116 617 3194 ferebantur3
639 3137 700 3203 pro
723 3115 822 3195 terei,
845 3116 935 3204 quusi
957 3137 1134 3203 cognomen
1151 3116 1219 3200 jam
1233 3112 1293 3179 bs·

113 3197 213 3264 bcbnt
232 3204 265 3266 in
288 3214 449 3268 senectute
470 3202 632 3287 sepientis.
711 3225 729 3267 e
750 3214 855 3268 nutem
871 3202 935 3267 alio
948 3201 1088 3289 quodam
1102 3199 1209 3275 modo,
1224 3219 1296 3264 non

114 3282 220 3351 sollum
239 3286 357 3352 natust
378 3301 410 3353 et
431 3289 584 3368 moribus,
607 3287 715 3354 verim
738 3290 834 3353 etism
855 3288 961 3352 studio
979 3299 1015 3351 et
1045 3282 1202 3362 doctrini,
1224 3304 1294 3347 esse

114 3369 310 3454 sapientem
332 3394 392 3437 nec
416 3374 498 3440 sicut
519 3374 643 3462 vulgus,
666 3374 723 3439 sed
748 3386 784 3439 ut
812 3372 929 3439 eruditi
943 3372 1046 3438 solent
1059 3367 1220 3457 appellere
1241 3391 1293 3434 sa·

112 3454 267 3543 pientem,
290 3455 416 3543 qualem
436 3459 470 3523 in
494 3458 563 3525 totis
589 3459 719 3527 Graeciis
747 3459 926 3526 neminem:
958 3463 1057 3543 (nem,
1087 3459 1143 3545 qui
1170 3467 1292 3540 septem

111 3539 328 3641 appellentur,
351 3564 415 3620 eos,
460 3545 493 3610 ui
513 3546 573 3610 ists
594 3543 738 3611 subtilius
760 3557 917 3633 quierunt,
944 3544 976 3608 in
1008 3565 1142 3609 numero
1164 3541 1292 3627 sapien·
1317 3544 1331 3611 ξ

77 3676 81 3681 -
113 3640 196 3692 num
218 3649 284 3691 non
306 3566 460 3707 hobentll
493 3626 629 3696 Athenis
661 3653 761 3699 unum
782 3631 971 3716 occepimus,
1002 3644 1034 3696 et
1065 3650 1146 3695 eum·
1161 3626 1292 3713 quidem

112 3712 210 3777 etiem
226 3711 388 3805 Apollinis
402 3714 531 3780 oraculo
544 3717 810 3803 sapientissimum
826 3715 1016 3803 judicatum.
1039 3715 1139 3781 Hanc
1163 3734 1231 3775 esse
1255 3712 1292 3773 in

115 3810 152 3862 te
172 3799 357 3883 sapientiem
385 3798 579 3878 existiment,
604 3803 768 3869 momnis
786 3816 842 3868 tus
863 3804 898 3867 in
921 3814 953 3867 te
971 3802 1074 3889 posite
1099 3799 1207 3872 ducos,
1229 3793 1294 3857 hu·
1366 3816 1368 3819 ’

19 3884 23 3893 “
113 3901 289 3970 manesque
310 3908 402 3951 casus
416 3886 532 3955 virtuts
553 3887 717 3954 inferiores
730 3903 840 3975 putes:
862 3888 969 3975 itaque
991 3908 1033 3953 ex
1057 3907 1109 3950 me
1131 3889 1292 3981 quaerpnis

115 3967 230 4056 (oredo
251 3971 325 4037 item
340 3994 383 4037 ex
405 3983 447 4050 te,
470 3971 626 4054 scevola)
649 3997 787 4062 quonam
810 3989 905 4061 pacto
927 3984 1062 4038 mortem
1086 3966 1230 4033 Africum
1245 3962 1292 4026 fe-

114 4074 185 4131 rest
201 4076 309 4157 ‚eoque
329 4054 441 4157 magis,
464 4056 564 4146 qumi,
598 4057 647 4159 his
661 4061 815 4186 proxjmb
839 4060 952 4136 Nonis,
975 4055 1048 4131 clm
1069 4054 1104 4152 ip
1118 4051 1230 4115 hortos
1244 4046 1291 4113 D.

78 4248 84 4263 .
115 4137 1001 4321 Bnufulrrrulmunursu
1023 4146 1292 4303 liumus
