2959 4959
195 334 268 396 m
590 317 657 386 Du
679 315 979 402 SENECTU'PR

201 474 335 540 comque
361 446 503 525 defendi,
531 466 617 512 nunc
630 529 638 544 Ο
653 443 752 545 quim
779 442 924 510 maxime
951 446 1087 514 conficio
1113 448 1293 515 orationes:
1311 451 1383 552 jor.
1443 416 1444 445 l

201 559 369 625 augurum,
391 532 589 622 pontificum,
611 530 713 609 curule,
738 542 860 595 tracm:
894 530 1032 598 multum
1047 533 1150 615 etiarn
1178 535 1296 601 Grecis
1325 535 1373 600 lr-

198 625 276 691 teris
300 637 394 699 utor;
419 617 753 715 Pythagoreorumque
778 637 880 690 more,
902 618 1086 684 exercenda
1107 622 1270 685 memoria
1291 642 1370 708 grn-

197 706 257 788 tit,
283 706 362 797 quid
409 726 512 792 nuque
532 702 585 769 die
608 701 753 777 dixerim,
785 700 951 781 audierim,
985 706 1115 790 egerim,
1150 727 1371 773 commemoro

86 832 89 839 .
198 794 334 945 perpeti.
376 729 784 942 litlhoesunteuerpitpgiones
804 785 931 907 ingenii,
954 788 1026 888 haec
1050 790 1208 856 curricula
1233 793 1372 857 mentis:

200 879 661 1034 hrtltlttlthtt
682 894 785 1021 tlt
804 894 1375 1049 &titl‘teltlthtlffi

199 1051 299 1125 affero
310 1070 360 1113 res
373 1042 509 1111 multum
522 1056 554 1108 et
568 1042 624 1107 diu
639 1043 810 1130 cogitatas,
830 1064 942 1129 easque
954 1056 1044 1110 tueor
1063 1046 1176 1129 animi,
1200 1069 1270 1112 non
1296 1069 1373 1114 cor·

140 1132 146 1144 '
198 1135 297 1222 poris,
311 1131 446 1206 viribus3
468 1150 540 1217 quas
554 1128 581 1194 si
594 1129 722 1215 exsequi
735 1128 913 1215 nequirem,
924 1142 1027 1194 tamen
1041 1152 1089 1194 me
1102 1130 1245 1196 lectulus
1259 1133 1373 1199 oblec-

198 1230 280 1295 taret
292 1239 382 1283 meus
394 1239 433 1282 ea
447 1215 514 1300 ipsu
527 1215 729 1301 cogitantem,
751 1236 823 1301 quae
832 1215 899 1313 jam
920 1237 1014 1302 agere
1035 1236 1098 1279 non
1120 1238 1273 1302 possem:
1303 1218 1374 1297 sed,

82 1342 85 1346 -
196 1318 233 1371 ot
246 1305 375 1391 possim,
396 1300 650 1380 tacitatacita:
672 1320 796 1385 semper
817 1300 956 1364 emmiu
981 1299 1032 1364 bis
1051 1300 1156 1365 studiis
1179 1299 1374 1371 laboribus-

197 1411 261 1490 que
274 1390 394 1455 uiuenti
404 1409 470 1452 non
482 1384 679 1483 intelligitur,
704 1384 835 1472 quando
849 1385 983 1472 obrepat
998 1401 1152 1451 senectus:
1174 1385 1220 1451 ita
1240 1391 1377 1455 sensim

198 1473 269 1542 und
282 1497 374 1542 sensu
387 1488 463 1538 aetas
475 1482 622 1547 senescit3
644 1490 704 1535 nec
716 1468 821 1535 subito
836 1470 1002 1559 frangitur,
1022 1470 1078 1537 sed
1088 1472 1303 1540 diuturnitate
1314 1498 1375 1541 ex·

200 1562 263 1631 etin
309 1562 382 1626 itur.
659 1576 663 1583 '

210 1704 216 1713 .
283 1646 328 1713 11.
349 1644 500 1732 Sequitur
513 1642 610 1707 tertia
623 1641 814 1727 vituperatio
835 1642 1014 1721 senectutis,
1044 1641 1134 1730 quod
1158 1666 1232 1711 eum
1261 1667 1373 1712 carere

196 1732 310 1811 dicunt
332 1730 554 1818 voluptatibus.
599 1725 845 1814 Opraeclarutn
870 1749 985 1792 munus
1007 1730 1121 1807 aetatis,
1150 1730 1310 1819 siquidem
1337 1732 1370 1797 id

198 1817 300 1883 aufert
313 1817 416 1901 nobis,
438 1813 526 1903 quod
549 1826 596 1879 est
620 1813 652 1876 in
678 1811 891 1878 adolescenti-[1
913 1813 1172 1881 vitiosissimum!
1219 1818 1338 1901 Aecipt

179 1903 294 1983 enim,
314 1903 427 1990 optimi
449 1900 671 1977 adolescentes,
697 1912 834 1963 veterem
860 1899 1035 1963 orationem
1059 1901 1216 1988 Archytae
1240 1901 1365 1983 Taren-

199 1991 269 2070 tini,
287 1989 410 2078 ‘magni
434 1988 467 2051 in
492 1985 603 2071 primis
630 1997 662 2048 et
688 1984 835 2069 proeclari
857 1984 927 2062 riri,
960 2007 1032 2071 quoe
1057 1987 1139 2050 mibi
1163 1986 1280 2053 traditu
1304 2002 1372 2067 est,

196 2074 271 2152 olm
285 2097 383 2141 essem
397 2072 578 2149 adolescens
597 2069 630 2135 Τ
629 2071 730 2134 arenti
751 2092 825 2136 cum
850 2069 894 2147 Q.
917 2067 1076 2136 Maximo.
1099 2102 1101 2109 ·
1120 2071 1251 2137 Nullam

191 2154 342 2227 ¹taliorem
356 2171 486 2244 pestem,
516 2141 775 2241 quimcorporis
799 2153 1002 2240 voluptatem,
1027 2155 1208 2243 hominibus
1233 2096 1365 2225 (1ῐὲἕὶ
1443 2200 1444 2245 ,

196 2244 217 2309 d
244 2241 360 2307 naturb
387 2241 513 2305 datam:
551 2240 638 2322 cujus
666 2237 835 2323 voluptatis
862 2239 964 2302 avidae
993 2241 1136 2307 libidines
1170 2242 1291 2307 temere
1325 2257 1362 2309 et
1443 2254 1444 2325 i

193 2326 345 2395 effrenata
369 2324 409 2389 nd
433 2321 624 2407 potiundurn
651 2322 868 2387 incitarentur.
920 2322 1013 2390 Hinc
1027 2328 1135 2413 patria
1148 2327 1358 2413 proditiones,

118 2424 119 2427 ’
194 2409 274 2489 hinc,
284 2407 589 2494 rerumpublicarum
602 2405 793 2487 eversiones,
814 2406 889 2473 binc
903 2430 976 2473 curn
996 2410 1141 2478 hostibus
1161 2411 1362 2481 clandestina

195 2494 364 2583 colloquia,
391 2493 495 2559 irasci:
520 2490 644 2558 nullum
663 2491 737 2558 deni

83 2576 95 2643 ζ
194 2603 272 2661 esse,
286 2581 329 2647 nd
338 2581 425 2671 quod
435 2579 669 2668 suscipiendum
679 2516 857 2646 nontlibido
867 2580 1036 2667 voluptatis
1047 2583 1240 2672 impelleret:
1254 2602 1364 2675 stupra

196 2666 284 2749 verb,
305 2681 339 2734 et
353 2667 518 2745 adulteria,
537 2679 570 2748 et
583 2688 677 2730 omne
691 2664 754 2731 tale
767 2665 934 2754 flagitium,
954 2668 1051 2733 nullis
1062 2669 1219 2736 illecebris
1231 2674 1361 2738 excitari

196 2756 277 2834 aliis,
299 2756 362 2821 nisi
376 2753 553 2840 voluptatis.
590 2752 736 2839 Crimque
751 2751 873 2817 homini
886 2753 949 2817 sive
964 2766 1089 2831 natura,
1106 2758 1173 2821 sire
1187 2760 1260 2845 quis
1273 2759 1359 2841 deus,

196 2840 278 2907 nihil
297 2854 402 2911 mente
424 2838 631 2925 praestabilius
655 2838 806 2915 dedisset3
830 2838 905 2904 huic
930 2837 1038 2905 divino
1061 2844 1190 2907 muneri
1212 2868 1252 2909 ac
1276 2844 1362 2912 dono

196 2926 278 2992 nihil
291 2949 359 2991 esse
380 2938 445 2990 tam
467 2924 641 3002 inimicum,
663 2921 759 3010 qudm
785 2924 995 3011 voluptatem:
1018 2947 1076 2990 nec
1101 2928 1201 3006 eninr,
1228 2929 1360 2996 libidine

195 3011 390 3088 dominante,
413 3010 628 3096 temperantiae
641 3009 746 3097 locum
761 3032 836 3086 csse,
861 3032 963 3097 neque
976 3012 1107 3076 omnino
1130 3014 1166 3078 in
1188 3016 1360 3102 voluptatis

194 3115 295 3184 regno
309 3095 456 3160 virtutem
477 3116 567 3181 posse
588 3095 774 3181 oonsisterez
801 3097 887 3182 quod
912 3119 975 3183 quo
1000 3118 1031 3161 m
1075 3098 1100 3162 is
1124 3098 1226 3165 intelli
1248 3104 1259 3164 i
1281 3123 1359 3188 pos-

195 3195 253 3261 set,
284 3181 404 3270 fingere
429 3183 536 3246 animo
555 3180 697 3267 jubebat,
728 3179 819 3245 tanti
843 3182 1006 3247 incitatum
1038 3185 1041 3189 ’
1067 3184 1173 3283 iquem
1196 3126 1360 3274 vriluptate

193 3268 347 3353 corporis,
371 3280 490 3354 quanto
513 3266 763 3352 percipiposset
786 3269 942 3332 maxima:
975 3269 1094 3334 nemini
1118 3273 1269 3339 censebat
1291 3272 1362 3340 fore

194 3352 338 3430 dubium,
371 3353 447 3439 quin
473 3350 704 3431 lemniadum
730 3354 775 3418 ita
798 3354 959 3438 gauderet,
992 3353 1072 3419 nihil
1097 3352 1221 3457 agitare
1242 3373 1360 3442 mente,

66 3454 69 3461 ’
180 3435 274 3501 'nihil
283 3438 415 3515 ratione,
428 3435 508 3500 nihil
523 3438 723 3525 cogitatione,
735 3439 884 3525 consequi
892 3452 1009 3525 posset.
1022 3440 1186 3518 Quocirca
1195 3446 1278 3509 nihil
1290 3469 1356 3511 esse

191 3528 257 3585 taur
283 3521 475 3600 detestabile,
513 3536 642 3610 tamque
665 3524 859 3610 pestiferum,
892 3522 987 3611 quim
1011 3525 1224 3627 voluptatem,
1256 3531 1355 3616 siqni-

190 3603 264 3671 dem
279 3625 325 3683 ea,
350 3604 420 3679 cum
435 3608 537 3693 major
550 3621 631 3673 esset
653 3625 684 3675 at
709 3633 748 3674 ue
772 3609 908 3696 longior,
927 3633 1026 3677 omne
1048 3614 1146 3678 ammi
1166 3614 1270 3693 lumen
1282 3635 1354 3695 ex·

191 3691 374 3780 stingueret.
418 3691 505 3756 Haec
533 3715 606 3758 cum
634 3695 672 3759 C.
729 3695 817 3759 ontio
843 3694 986 3762 Samnite
1008 3704 1112 3786 (patre
1124 3701 1203 3786 ejus,
1231 3704 1357 3788 siquo,-

192 3777 340 3849 Caudino
357 3774 481 3864 proelio,
508 3778 564 3924 Sp.
581 3778 775 3857 Postumius,
794 3779 843 3844 T..
856 3779 1017 3863 Veturius,
1039 3785 1186 3865 consules,
1208 3789 1357 3872 superati

190 3870 275 3949 tunt)
298 3864 438 3931 locutum
461 3865 528 3927 Arc
549 3876 647 3948 ytam,
671 3863 835 3930 Nearchus
861 3865 1064 3949 Tarentinus,
1097 3869 1209 3959 hospes
1233 3888 1354 3959 noster,

189 3954 292 4041 quiin
316 3946 454 4034 amicitib
474 3945 585 4036 populi
611 3948 707 4012 Rom.
732 3967 960 4036 permanserat,
981 3978 1015 4022 se
1040 3956 1060 4019 d
1083 3958 1256 4046 majoribus
1275 3974 1352 4026 netu

189 4039 346 4125 accepisse
359 4036 495 4113 dicebat,
517 4032 587 4100 crim
602 4032 730 4121 quidem
745 4036 774 4101 ei
789 4041 927 4105 sermoni
941 4041 1132 4108 interlitisset
1146 4045 1239 4125 Plato
1253 4044 1352 4111 Athe·

186 4125 325 4203 niensis3
357 4146 450 4213 quern
476 4121 652 4203 Tarentum
677 4121 808 4215 uenisse,
832 4124 873 4190 L.
898 4126 1046 4207 Camillo,
1078 4131 1191 4216 Appio
1217 4130 1353 4201 Claudio

186 4210 379 4289 oonsulibus,
394 4212 526 4298 reperio.
571 4207 734 4285 Quorsum
749 4208 844 4275 haec?
863 4224 901 4277 ut
912 4207 1104 4301 intelligatis,
1119 4219 1147 4281 si
1161 4217 1236 4283 rolu
1259 4229 1356 4286 tatem

185 4288 373 4379 adspernari
398 4298 521 4366 ratione
543 4308 576 4366 et
593 4292 757 4387 ›sapientiit
771 4318 842 4363 non
867 4320 1037 4385 possemus,
1060 4322 1212 4390 magnam

761 2516 800 2558 ue
814 2495 924 2573 scelus,
947 2495 1071 2563 nullum
1097 2498 1216 2565 malum
1239 2497 1363 2568 facinus
1443 2548 1444 2553 κ
