2959 4959
690 371 816 442 VITA.
850 383 859 396 ‘
1332 379 1370 449 iil

141 497 255 563 Stetim
272 497 464 566 Saturninus
478 509 512 563 et
525 496 661 565 Glaucia
676 498 832 568 interfecti
846 516 931 569 sunt.
976 503 1140 574 Saturnini
1154 518 1249 593 ceput
1264 504 1366 574 Robi-

139 584 205 651 rius
219 597 350 650 senator
363 607 421 671 per
434 585 580 650 conrinin
593 586 798 653 circumtulit.
826 587 945 653 Verum
959 590 1079 675 posteri,
1107 593 1262 659 Cicerone
1277 592 1366 658 Con·

139 669 220 749 sule,
238 671 390 736 Rabirius
403 669 631 757 perduellionis
646 684 811 738 accusatus
823 672 918 740 fuiti
941 674 1097 755 Labieno,
1121 679 1209 763 cujus
1233 690 1367 765 patruus

138 755 184 836 Q.
200 755 362 822 Labienus
374 778 450 822 cum
466 757 640 823 Soturnino
653 756 776 822 occisus
788 758 899 826 fuerat.
944 761 1021 828 Hoc
1035 762 1147 829 eodem
1162 784 1247 829 onuo
1271 775 1367 830 notos
1400 771 1402 776 ’

84 867 89 876 ’
137 854 188 908 est
202 840 306 908 Julius
320 842 441 921 Cursor,
457 841 676 920 menmJulio,
700 841 971 926 dieduodecimi,
1128 833 1135 852 l

414 1003 1094 1100 sunnsuns1sc'ounrrrnssr.
1216 1073 1221 1080 .

143 1165 219 1228 Coss.
233 1166 282 1227 M.
294 1165 432 1236 Anneio,
447 1166 486 1225 A.
502 1127 647 1227 Postumio
658 1163 771 1235 Albino,
787 1165 1008 1227 antechristum
1018 1171 1067 1229 98.
1089 1166 1367 1256 Cicrroniruoctoous.

106 1319 111 1334 ·
181 1293 316 1362 Summis
330 1295 429 1360 totius
442 1295 553 1382 populi
567 1296 773 1361 consensione
786 1293 1021 1381 perhonorifice
1041 1294 1191 1361 Metellus
1215 1296 1364 1364 Numidi·

139 1404 192 1448 cos
205 1392 373 1446 revocatus
387 1394 450 1457 est;
475 1393 507 1446 et
521 1380 549 1446 F
550 1381 646 1457 uriue,
660 1382 715 1469 qui
729 1380 933 1468 pertinaciter
943 1380 1037 1467 hujus
1050 1381 1165 1448 reditui
1179 1382 1361 1463 obsistebat,

10 1475 12 1486 '
137 1480 376 1554 reexspectem
391 1464 520 1552 quidem
534 1465 668 1552 judicio,
697 1467 739 1542 in,
756 1466 842 1554 quod
867 1466 885 1529 ὲ
911 1466 1065 1532 Cunuleio
1089 1467 1238 1533 'l'ribuno
1284 1467 1364 1535 lebis

139 1565 266 1622 nuestus
280 1565 361 1629 erut,
377 1548 398 1614 d
411 1551 535 1620 furente
549 1551 752 1618 multitudiue
766 1553 943 1639 discerptus
957 1565 1013 1619 est.
1056 1552 1120 1619 His
1137 1491 1329 1622 Consulibus
1343 1552 1364 1640 d

140 1637 314 1704 Dolabeun
329 1638 478 1704 Lusitani
492 1636 614 1704 subocti
628 1651 710 1703 sunt

409 1822 572 1890 ANNUS
596 1821 740 1890 URBIS
763 1825 994 1892 CONDITAE
1016 1836 1090 1896 655.

140 1958 222 2019 coo.
238 1958 275 2027 Q.
285 1956 398 2018 Caen‘lio
408 1956 526 2019 Metello
532 1959 649 2040 quotc,
664 1958 699 2018 T.
708 1958 811 2030 Didio,
821 1957 1040 2018 ante'Clnistum
1050 1964 1098 2024 97.
1112 1960 1255 2021 Ciceronis
1264 1982 1363 2025 nonus.

183 2086 239 2151 Ab
246 2084 494 2151 hisConsulibus
506 2082 570 2150 luto
579 2083 632 2149 lex
643 2096 691 2149 est
700 2083 949 2165 CoecilinDidis,
962 2098 995 2152 et
1003 2087 1044 2152 sb
1055 2085 1105 2152 his
1113 2089 1158 2153 sic
1170 2101 1363 2176 nuncupato,
1429 2139 1430 2144 1

136 2170 470 2264 quisoncitumestne
481 2167 521 2234 de
531 2170 660 2235 dirersis
670 2169 764 2236 rebus
774 2169 827 2237 lex
838 2172 983 2252 ferretur,
997 2187 1029 2238 et
1041 2173 1095 2239 utl
1176 2173 1364 2241 triound‘mo

136 2257 428 2346 promulgarentur.
459 2255 527 2324 Hic
539 2253 637 2341 porrb
651 2253 899 2343 Metelluspstcr
910 2257 994 2324 illius
1007 2259 1108 2328 Metel
1122 2261 1213 2336 rl'uit,
1227 2260 1282 2347 qui
1291 2282 1376 2332 cunn

140 2344 294 2414 Cicerone
308 2341 492 2410 inimicitius
506 2340 629 2417 hebuit,
645 2342 746 2427 etqui
762 2341 882 2408 Consul
897 2367 968 2409 cum
984 2368 1022 2411 eo
1036 2347 1131 2413 rediit
1144 2348 1179 2411 in
1192 2349 1342 2436 gratiam.

406 2477 570 2598 nunus
594 2499 737 2595 unsis
762 2525 992 2594 connum
1019 2538 1093 2596 oss.

231 2670 309 2731 Coss.
325 2670 380 2732 Cn.
396 2666 527 2730 Cornelio
540 2665 672 2737 Lentulo,
687 2667 727 2727 P.
740 2663 853 2723 Licinio
869 2662 982 2737 Crasso,
996 2671 1062 2724 onie
1073 2661 1213 2723 Christum
1226 2669 1275 2727 96.

580 2797 583 2802 .
609 2746 752 2806 Ciceronis
762 2739 893 2802 mmmm.

179 2877 258 2945 Hoc
268 2878 522 2944 onquntonius
540 2896 653 2942 censor
664 2870 876 2961 imperatoriis
887 2868 1315 2950 manubiisRostrsornovit,
1326 2884 1364 2939 ut

135 2965 245 3031 scribit
260 2964 376 3031 Cicero
389 2964 446 3029 lib.
461 2974 491 3029 3.
506 2962 547 3028 de
560 2963 715 3047 Oratore3
739 2970 772 3023 et
783 2954 1007 3042 superstitiose>
1021 2954 1085 3020 illoe
1100 2955 1268 3044 religiones
1285 2958 1361 3026 SC.

135 3051 267 3120 nobletae
280 3062 365 3128 sont,
381 3072 453 3116 cum
469 3048 640 3125 sacrificiis,
654 3048 688 3112 in
703 3044 818 3134 quibus
832 3042 977 3106 homines
991 3041 1247 3109 immolabuntur.

405 3233 570 3300 ANNUS
592 3231 737 3298 URBIS
761 3227 992 3297 CONDITAE
1008 3234 1091 3304 Ὶ657.

231 3368 309 3429 Coss.
325 3368 379 3430 Cn.
391 3366 521 3427 Domitio
536 3365 711 3438 AEnoborio,
728 3365 826 3427 Cossio
838 3364 980 3444 Longino,
996 3372 1062 3422 onte
1079 3361 1221 3422 Christum
1232 3368 1281 3426 96.

588 3445 731 3512 Ciceronis
743 3442 910 3504 undecimus.

180 3573 305 3653 Cicero,
317 3575 384 3641 Pro
393 3533 512 3654 Domo,
523 3575 568 3639 nit
580 3573 641 3639 Cn.
651 3573 833 3640 Domitium
843 3571 1025 3649 Consulem,
1035 3529 1218 3650 Censorem,
1228 3583 1261 3637 et
1273 3570 1360 3638 Pon·

136 3658 253 3726 tificem
265 3662 452 3739 monimum,
462 3682 637 3747 sepnerum
650 3658 773 3724 vidisse.
787 3658 851 3723 His
862 3656 1154 3723 Coss.Ptolemoeus
1161 3656 1359 3744 Cyrenorum

135 3768 202 3825 rex,
214 3758 431 3834 cognomento
437 3746 533 3833 Apio,
546 3745 684 3810 moriens
697 3744 851 3832 populum
858 3743 1041 3809 Romanum
1050 3742 1210 3808 hoeredem
1222 3741 1359 3832 reliquit.

404 3916 565 3985 ANNUS
587 3916 731 3985 URBIS
755 3917 986 3985 CONDITAE
1012 3928 1087 3985 658.

243 4052 324 4116 Coss.
337 4054 376 4113 L.
389 4053 504 4114 Licinio
520 4054 633 4125 Croeso,
657 4054 692 4123 Q.
707 4051 808 4114 Mucio
823 4052 957 4125 Scoeooli,
970 4050 1190 4113 antechristum
1200 4055 1249 4113 94.

144 4159 146 4166 ⁴
447 4171 450 4176 ,
580 4132 722 4195 Ciceronis
733 4132 918 4192 duodecimus.

176 4259 257 4363 Duo
270 4253 318 4360 illi
330 4260 484 4364 Consules
494 4260 598 4364 legem
605 4259 749 4363 Muciam
760 4260 917 4362 Liciniam
929 4259 1121 4360 tuleruntde
1131 4257 1313 4347 redigendis
1322 4261 1357 4328 in

135 4359 363 4414 mosomenses
373 4370 477 4428 socns,
488 4371 543 4437 qur
558 4371 593 4415 se
606 4370 721 4436 passim
737 4369 797 4435 pro
806 4346 1091 4496 crvrbogigomann
1100 4345 1268 4433 gerebant:
1283 4369 1356 4434 quer
