2959 4959
140 310 204 436 ir:
481 402 484 409 ·
629 362 725 430 sao
747 362 968 430 Moesus.

41 528 45 534 .
143 497 205 555 290
217 490 396 576 Sulpicium
411 503 625 558 accusatorem
645 511 737 554 suum
763 491 960 569 numerabat,
984 512 1049 556 non
1074 492 1328 579 competitorem:
1352 494 1382 558 ei

187 616 191 626 ·
214 579 282 642 vim
295 577 519 644 denuntiabat:
542 574 724 660 reipublicae
736 576 926 641 minabatur.
970 577 1097 653 Quibus
1108 581 1209 657 rebus,
1225 580 1275 666 qui
1284 581 1384 645 timor

105 708 113 721 .
216 661 311 727 bonis
335 665 482 729 munibus
505 662 635 745 injectas
657 661 708 739 sit,
732 677 914 748 quantaque
937 661 1117 748 desperatio
1139 665 1326 750 reipublicae,
1352 664 1380 728 si

215 746 271 814 ille
285 747 386 815 metus
399 760 487 823 esset,
503 744 601 809 nolite
616 742 637 807 d
652 768 702 810 me
717 748 912 811 commoneri
938 746 1034 811 velle:
1058 764 1179 814 vosmet
1197 751 1258 849 ipsi
1279 750 1384 814 robis·

215 831 533 906 cumrecordamini3
556 831 742 895 meministis
768 834 862 910 enim,
892 829 965 896 crim
994 832 1078 896 illius
1107 835 1220 898 nefaris
1251 834 1385 923 ¹gladia·

142 921 296 985 satoris
309 940 400 982 voces
423 914 684 1001 percrebuissent,
731 939 785 980 uas
809 916 954 982 habuisse
976 917 1008 980 in
1033 919 1187 982 concione
1211 917 1388 985 domesticis

189 1044 194 1053 ·
217 1003 389 1077 dicebatur,
412 1000 486 1073 edm
500 1001 687 1067 miserorum
707 939 835 1066 idelem
862 996 1058 1067 defensorem
1081 1004 1226 1089 negrisset
1249 1004 1388 1069 inveniri

216 1109 317 1174 posse,
333 1085 395 1149 nisi
409 1108 483 1149 eum
497 1086 553 1173 qui
568 1087 636 1174 ipse
650 1088 745 1151 miser
759 1101 857 1165 esset3
879 1089 1075 1175 integrorum
1098 1101 1132 1150 et
1149 1088 1389 1155 fortunatorum

154 1216 158 1221 ι
214 1171 378 1257 promissis
400 1173 525 1236 mucias
548 1185 582 1236 et
607 1174 750 1253 miseros,
764 1173 893 1238 credere
913 1195 976 1237 non
1001 1185 1161 1257 oportere:
1193 1172 1304 1259 quare,
1335 1175 1390 1261 qui

214 1268 404 1341 consumpta
418 1279 452 1321 re
474 1255 548 1334 lere,
571 1272 680 1343 erepta
695 1280 880 1343 recuperare
893 1258 1019 1335 vellent,
1036 1270 1211 1342 spectarent
1248 1260 1303 1322 uid
1322 1261 1393 1346 ipse

142 1348 204 1409 100
215 1339 355 1418 deberet,
389 1279 473 1428 quid
495 1342 678 1427 possideret,
713 1344 789 1429 quid
818 1343 965 1407 auderet:
1000 1340 1131 1407 minimi
1160 1281 1319 1420 timidum,
1360 1355 1396 1409 et

215 1426 310 1491 valde
324 1425 552 1504 calamitosum,
568 1450 635 1492 esse
645 1442 792 1512 oportere
805 1450 888 1505 eum,
904 1428 958 1516 qni
971 1441 1052 1492 esset
1064 1426 1187 1492 futurus
1198 1425 1265 1489 dux
1276 1441 1310 1490 et
1322 1430 1397 1514 sig·

216 1511 574 1577 nifercalamitosorum.
619 1512 705 1581 Tum
726 1514 834 1601 igitur,
856 1513 905 1576 his
930 1513 1024 1577 rebus
1049 1511 1173 1589 auditis,
1199 1511 1397 1578 meministis

215 1597 286 1663 fieri
301 1596 630 1675 senatis-consultum,
654 1598 807 1662 referente
821 1616 884 1676 me,
910 1621 953 1662 ne
967 1611 1093 1683 postero
1107 1597 1159 1660 die
1178 1597 1309 1660 comitia
1333 1597 1394 1661 ha·

216 1682 377 1760 berentur,
400 1694 437 1748 ut
449 1681 491 1747 de
505 1681 554 1751 bis
569 1683 662 1747 rebus
677 1685 709 1746 in
724 1696 846 1763 senatu
910 1705 943 1747 re
964 1704 1135 1768 possemus.
1179 1682 1292 1767 Itaque
1316 1704 1393 1767 pos-

145 1775 205 1835 105
218 1768 314 1834 tridie
327 1768 483 1856 frequenti
497 1783 608 1833 senatu
625 1768 794 1833 Catilinam
810 1705 955 1845 exilivi,
979 1780 1074 1854 atque
1088 1789 1158 1832 eum
1174 1766 1215 1831 de
1229 1768 1279 1830 his
1293 1767 1393 1832 rebus

214 1853 305 1941 jussi,
320 1855 346 1918 si
360 1853 437 1940 quid
451 1853 555 1931 vellet,
576 1854 701 1940 qumod
717 1875 768 1918 me
783 1854 886 1918 allatae
900 1867 1011 1930 essent,
1033 1852 1148 1917 dicere.
1193 1855 1300 1938 Atque
1325 1850 1390 1929 ille,

116 1954 120 1961 “
219 1953 256 2005 ut
270 1961 393 2025 semper
406 1939 467 2003 fuit
481 1939 703 2023 apertissimus,
727 1961 791 2002 non
807 1963 841 2003 se
854 1940 1013 2025 purgavit,
1036 1936 1090 2002 sed
1108 1937 1268 2015 indicavit,
1293 1951 1330 2002 at
1354 1959 1391 2002 ue

220 2023 337 2089 induit.
360 2024 446 2088 Tum
455 2026 539 2088 enim
551 2023 644 2101 dixit,
653 2024 718 2088 dno
730 2047 769 2088 co
830 2047 866 2088 ra
876 2047 944 2087 esse
956 2025 1049 2108 Reip.
1061 2045 1159 2087 unum
1172 2022 1285 2100 debile,
1299 2023 1311 2087 i
1361 2045 1391 2087 r·

220 2108 407 2195 moc‘apite3
431 2107 566 2171 alterum
580 2109 718 2186 firmum,
734 2109 782 2171 sin
817 2110 936 2191 eapite:
959 2108 1044 2186 huie,
1071 2107 1143 2172 calm
1160 2109 1204 2172 ita
1218 2108 1306 2172 dese
1322 2130 1390 2173 me·
1450 2134 1454 2142 ‚

146 2195 317 2259 lloritum
332 2205 421 2269 esset,
445 2205 549 2276 caput,
573 2194 701 2271 seviro,
724 2214 790 2256 non
808 2194 1000 2258 defuturum.
1045 2193 1238 2292 Congemuit
1261 2206 1391 2257 senatus

220 2277 383 2361 frequens3
406 2297 509 2361 neque
523 2294 628 2341 tamen
643 2281 717 2341 satis
732 2275 839 2342 severe
886 2300 922 2342 ro
945 2280 993 2342 rei
1016 2277 1205 2365 indignitate
1229 2278 1390 2344 decrevit:

218 2382 294 2427 nam
316 2359 432 2445 partim
448 2358 522 2425 ideo
537 2360 631 2427 fortes
648 2362 679 2426 in
695 2300 895 2427 decernendo
909 2385 974 2427 uon
989 2376 1089 2441 erant,
1113 2364 1187 2450 qnia
1202 2363 1280 2427 nibil
1294 2363 1390 2429 tima·

218 2445 307 2522 bant,
330 2446 456 2531 partim,
476 2447 554 2534 quia
568 2447 730 2512 timebant.
776 2448 860 2513 Tum
881 2448 986 2535 erupit
1010 2445 1029 2512 ὲ
1054 2463 1166 2513 senatu
1189 2448 1390 2534 triumphans

218 2528 348 2631 gaudio,
362 2552 455 2618 quem
470 2530 603 2596 omninb
617 2533 723 2597 vivum
737 2533 826 2599 illinc
839 2533 926 2599 exire
946 2555 1012 2598 non
1034 2548 1233 2619 oportuerat;
1255 2555 1390 2619 praeser-

149 2625 207 2684 tls
220 2633 278 2682 trm
293 2614 366 2681 edm
381 2615 465 2679 idem
480 2615 534 2680 ille
548 2618 581 2681 in
604 2618 714 2683 eodem
737 2619 860 2696 ordine,
887 2621 996 2706 paucis
1017 2619 1133 2683 diebus
1149 2618 1233 2696 ante,
1259 2619 1389 2695 Catoni,

220 2701 392 2769 fortissimo
405 2701 484 2780 viro,
501 2701 656 2789 judicium
680 2704 850 2783 minitanti,
873 2728 911 2769 ac
931 2704 1142 2783 denuntianti,
1164 2716 1214 2768 res
1259 2703 1387 2780 udisset,

220 2786 349 2875 siquod
364 2800 445 2851 esset
467 2786 499 2850 in
521 2811 592 2855 suas
612 2787 756 2854 fortunas
781 2790 963 2856 incendium
988 2790 1169 2868 excitatum,
1193 2727 1258 2853 id)0
1252 2813 1295 2867 se,
1323 2811 1387 2855 non

220 2873 316 2959 aquis,
331 2871 386 2936 sed
397 2870 506 2956 suinai,
515 2874 749 2940 restincturum.
797 2876 860 2940 His
872 2892 938 2941 tum
950 2874 1043 2941 rebus
1055 2889 1241 2957 commotus,
1251 2889 1288 2949 ‚et
1299 2872 1388 2963 qubd

220 2956 365 3021 homines
374 2958 442 3042 jam
457 2972 524 3023 tum
539 2961 718 3046 conjuratos
732 2984 803 3027 cum
818 2960 932 3048 gladiis
947 2960 979 3023 in
994 2959 1151 3045 Campum
1166 2960 1280 3025 deduci
1292 2958 1313 3023 si
1326 2960 1388 3024 Ca·

147 3051 208 3111 120
220 3042 313 3107 rilint
328 3041 475 3122 sciebam,
494 3043 641 3109 descendi
657 3046 689 3108 in
707 3046 863 3132 Campum
880 3066 951 3110 cum
966 3045 1147 3110 firmissimo
1161 3045 1310 3131 praesidio
1324 3044 1387 3109 for·

706 3240 730 3308 „¹
743 3241 885 3304 ctrtr'lr'nae.

254 3441 550 3508 semidefunctam]
568 3441 685 3491 Permittit
699 3442 788 3506 judici·
819 3443 909 3501 consul,
927 3445 994 3508 qussi
1005 3452 1077 3509 eaput
1094 3452 1152 3494 erat
1185 3443 1232 3491 Per
1250 3444 1386 3498 secuudum

220 3504 264 3551 bus
275 3506 377 3569 cogitare
388 3509 419 3554 de
430 3507 497 3555 malis
507 3522 559 3571 qum
569 3507 673 3571 Reipub.
680 3510 788 3557 obversis·
821 3509 942 3572 populum,
952 3511 991 3559 cui
1001 3526 1027 3558 se
1034 3518 1105 3575 capnt
1113 3509 1243 3574 adjungere
1249 3508 1310 3557 relic
1319 3505 1387 3572 signi·

220 3578 281 3625 sent,
298 3569 680 3621 siCatilinafactusessetconsul.
819 3574 913 3622 licebat.
1086 3588 1088 3591 ’

245 3636 310 3682 100.
328 3634 397 3696 Atqui
415 3636 473 3699 illa]
495 3636 531 3685 Ea
548 3636 682 3695 Plutarcho,
704 3637 789 3687 Cicero
854 3643 909 3688 tta.
925 3638 967 3687 sat
985 3638 1075 3702 mint]
1092 3638 1180 3686 Minati
1199 3636 1323 3685 ridebatur
1341 3634 1388 3683 Ca·

220 3696 273 3775 lpse
283 3699 427 3747 :octaorum
438 3701 478 3748 die
494 3699 572 3749 retulit
586 3702 616 3749 ad
633 3714 740 3752 mnarum
757 3702 788 3751 de
820 3703 895 3760 tilius,
911 3704 960 3752 iore
977 3712 1011 3761 ut,
1027 3704 1047 3751 si
1058 3703 1115 3767 quid
1126 3710 1206 3751 coam
1217 3719 1242 3750 se
1253 3708 1387 3753 tentaretur·

219 3761 250 3811 lta
266 3777 319 3826 quse
329 3764 452 3813 audiverat
460 3766 492 3814 dc
502 3765 609 3814 Catilina
620 3768 788 3830 conjuratione.
820 3767 899 3816 anania
909 3769 990 3821 ultima
1000 3769 1149 3831 experiretur.

222 3825 373 3877 Citnrautem
381 3829 790 3882 Catilinsetcderctmultosesscin
854 3837 911 3880 120.
932 3832 1037 3882 Dereeadi
1055 3835 1079 3879 in
1101 3830 1228 3895 stupam]
1261 3828 1324 3880 cnm
1345 3827 1386 3877 sibi

220 3900 314 3950 masta,
330 3893 372 3958 qui
381 3894 449 3943 rebus
459 3895 526 3951 norb
536 3896 666 3953 studerent,
682 3905 754 3960 atque
765 3906 791 3945 ut
821 3895 912 3960 aliquid
924 3897 1059 3946 memereti
1071 3896 1174 3945 Catilinit
1184 3896 1279 3950 Cicero,
1290 3895 1353 3955 yenit
1362 3893 1387 3941 la

220 3957 344 4008 sumaim
365 3967 501 4016 ostentaret,
527 3960 660 4009 mollissime
680 3961 789 4010 Ciceroni
821 3960 936 4026 Campum
945 3960 1386 4024 Martiumsdcomitiestipstusmagao

220 4024 271 4073 bec
282 4023 415 4089 respondit:
435 4024 571 4085 eridpema
583 4028 601 4072 ιι·
611 4026 705 4073 clumam
715 4036 788 4086 aitpo-
817 4024 932 4089 juvenum
951 4027 1052 4090 agmine,
1069 4035 1094 4084 et
1111 4027 1205 4073 thorace
1222 4025 1325 4079 indutus,
1340 4038 1386 4087 quc

218 4103 279 4147 mssa,
311 4104 404 4152 pamm
419 4089 513 4137 atteritur
540 4098 607 4150 eaput
634 4090 719 4147 lateat,
752 4091 789 4138 red
821 4088 865 4138 sibi
883 4091 1009 4153 periculum
1026 4090 1148 4138 imminere
1160 4088 1309 4138 declarabat:
1324 4087 1386 4134 ands

219 4162 488 4266 metm*
504 4153 789 4266 iifflffli⁰¹⁷⁵i
820 4154 1202 4268 tdttt¹'::÷it„⁰tl'·³⁸·“‘
1221 4150 1387 4281 ‘iiiiii

218 4280 315 4336 ediis-io?
335 4234 609 4348 Atngoric'e‘pinteb'nur
627 4234 789 4331 senatum·
820 4281 1013 4341 comitiisltenlm
1023 4233 1297 4347 cassaniam&
1314 4290 1339 4329 et
1351 4278 1389 4329 ffl-

219 4341 325 4408 telligere
334 4361 379 4410 per
389 4348 492 4412 primum
504 4362 598 4413 corpas,
613 4347 680 4413 cnjus
696 4348 789 4405 Cicero,
821 4348 888 4400 lmus
898 4356 923 4398 ct
934 4344 1036 4399 Marsas
1046 4347 1235 4399 maneam
1245 4355 1309 4399 snt.
