2959 4959
391 300 444 367 ΙΝ
468 296 731 378 CAEClLIUM,
754 297 1031 392 DIVINATIO.x
1308 322 1351 386 ιο

122 423 217 489 roldm
231 447 277 490 ne
295 422 379 510 quid
393 423 547 499 enunties,
569 420 735 486 sedetiam
756 423 888 521 nequid
912 422 1046 498 auferas,
1068 422 1293 490 custodiendus
1304 458 1348 520 20

122 512 168 577 sis.
230 511 296 578 Sed
313 509 357 573 de
372 509 433 573 isto
447 506 579 573 custode
603 520 672 572 toto
693 509 739 573 sic
759 507 848 572 robis
871 505 1054 576 breviatae
1075 509 1291 595 respondebo:

118 619 180 664 nou
195 620 264 662 esse
286 596 358 673 hos,
375 593 454 659 tales
469 595 563 670 viros,
577 593 811 671 commissuros,
827 607 863 659 ut
884 595 924 660 ad
940 617 1065 660 causam
1080 597 1229 676 tantami
1244 616 1296 660 me

117 697 309 768 susceptam,
318 679 574 756 mihicreditam‚
586 680 754 766 quisquam
768 681 974 768 subscriptor,
986 703 1037 745 me
1048 682 1159 759 invito,
1171 679 1294 767 eadspi-

117 791 189 834 rare
204 770 314 852 possit.
359 765 489 830 Etenim
501 763 580 830 fides
591 765 832 830 meacustodem
844 767 998 852 repudiat,
1010 766 1174 855 diligentia
1184 788 1296 853 specu·

117 854 258 919 latorem
272 851 468 918 reformidat.
1306 863 1348 952 π’

616 961 790 1041 ‘peruenire

162 1096 198 1140 ’tt
217 1091 251 1140 Νι
269 1093 324 1155 qaid
344 1090 464 1154 meatim]
498 1089 533 1137 Er
552 1089 655 1138 consiliis
671 1097 696 1138 et
727 1089 769 1136 bet
779 1089 935 1154 speculatore,
951 1089 1005 1141 eiua
1021 1092 1209 1158 fidesnunquam
1220 1091 1245 1141 in
1256 1108 1294 1141 ma

129 1158 216 1206 seeretis
228 1158 288 1206 meis
297 1159 323 1204 in
336 1157 444 1204 Verrem.
727 1154 837 1204 desuerit

157 1227 194 1272 it
209 1222 392 1285 worm]
409 1221 439 1268 ld
456 1220 695 1284 cannonopusha-

571 1347 857 1408 CONFUTATIO.

161 1454 261 1521 XIV.
285 1450 419 1530 Verum,
445 1467 481 1516 ut
504 1450 545 1514 ad
570 1463 611 1528 te,
640 1452 761 1530 Caecili,
786 1453 923 1532 redeam,
939 1451 1035 1542 qudm
1049 1456 1149 1522 multa
1170 1459 1294 1524 tedefi·

18 1547 19 1624 j
119 1540 215 1618 ciant,
231 1536 463 1638 rideszuqudm
478 1536 578 1601 multa
591 1537 654 1601 sint
668 1538 702 1601 in
725 1551 765 1615 te,
789 1562 861 1625 quae
881 1562 953 1605 reus
975 1563 1090 1608 nocens
1111 1545 1144 1608 io
1167 1567 1295 1612 accusa·

17 1667 19 1712 t
120 1639 191 1690 tore
204 1649 263 1690 suo
277 1639 389 1710 cupiat
409 1646 485 1700 esse,
511 1620 653 1708 profecto
673 1624 741 1710 jam
765 1624 923 1712 intelligis.
967 1625 1056 1704 Quid
1075 1629 1117 1694 ad
1139 1629 1210 1697 lroec
1230 1632 1295 1698 dici

17 1719 19 1762 ῑ
118 1711 250 1799 potest?
272 1734 340 1774 non
362 1710 448 1774 enim
472 1731 581 1795 quaero
595 1707 672 1795 quid
694 1722 730 1773 tu
752 1708 894 1775 dicturus
916 1712 977 1777 sis:
1000 1714 1102 1792 video,
1128 1717 1205 1781 mihi
1227 1739 1294 1783 non

17 1851 18 1878 p
120 1812 161 1876 te,
177 1798 235 1862 sed
250 1797 340 1860 hunc
352 1795 481 1869 librum,
501 1816 569 1858 esse
583 1815 820 1878 responsurum,
858 1817 929 1859 nem
943 1798 1082 1863 monitor
1096 1811 1169 1865 tuus
1183 1800 1234 1866 hic
1248 1815 1294 1869 te·
1318 1844 1347 1901 =5

17 1885 19 1912 '
121 1898 199 1947 net:
224 1883 294 1968 qui,
308 1882 335 1944 si
349 1893 379 1944 te
392 1878 476 1945 recte
491 1901 624 1944 monere
638 1878 731 1956 volet,
754 1878 849 1943 suade
874 1882 898 1944 it
911 1881 979 1960 tibi,
1003 1897 1039 1948 ut
1053 1882 1128 1950 hinc
1142 1885 1295 1968 discedas,

17 2039 19 2054 Ι
122 1989 233 2053 neque
263 1966 340 2029 milri
365 1967 493 2031 verbum
519 1964 620 2029 ullum
643 1964 844 2049 respondeas.
900 1964 990 2043 Quid
1010 1969 1095 2033 enim
1120 1969 1232 2046 dices?
1253 1993 1296 2037 an

17 2075 19 2082 >
124 2052 176 2138 (id
190 2051 278 2139 quod
299 2051 437 2131 dictitas)
453 2051 600 2200 inp'uriam
623 2049 682 2114 tibi
698 2049 807 2115 fecisse
822 2050 982 2117 Verrem?
1001 2053 1170 2133 Arbitror3
1193 2078 1298 2144 neque

17 2147 19 2206 t
123 2139 209 2203 enim
232 2153 314 2202 esset
341 2139 478 2201 verisimi
492 2160 519 2213 e,
544 2138 618 2201 citro
644 2136 792 2200 omnibus
822 2137 936 2204 Siculis
963 2136 1079 2205 faceret
1101 2141 1241 2222 in'uriss,
1264 2155 1297 2209 te

120 2224 280 2289 illiunum
296 2223 461 2301 eximium,
488 2222 539 2286 cui
561 2221 748 2301 consuleret,
764 2221 868 2290 fuisse.
913 2223 977 2290 Sed
998 2227 1103 2291 caeteri
1127 2166 1225 2294 dicati
1247 2228 1296 2295 ul·
1309 2271 1357 2330 10,

122 2325 225 2386 torem
240 2330 371 2374 suarum
386 2308 574 2393 injuriarum
589 2307 798 2372 invenerunt:
822 2322 866 2387 tu,
879 2308 955 2374 dum
967 2323 1036 2376 tuas
1047 2311 1177 2400 injurias
1195 2338 1253 2401 per
1263 2330 1296 2383 te

123 2395 172 2496 §id
182 2396 271 2483 quod
286 2417 352 2459 non
365 2393 470 2479 potes)
483 2393 626 2480 persequi
641 2395 775 2471 conaris,
788 2393 850 2459 ida
876 2399 911 2476 is,
925 2409 960 2461 ut
969 2410 1154 2465 caeterorum
1169 2424 1295 2490 quoque

123 2484 247 2569 rnJuriae
267 2483 332 2545 sint
346 2480 514 2565 impunitae
539 2492 634 2578 atque
657 2478 785 2543 inultae:
808 2418 922 2547 etlroc
944 2494 975 2547 te
999 2485 1149 2568 praeterit,
1173 2508 1239 2551 non
1259 2487 1296 2552 id

122 2568 224 2633 solum
239 2566 379 2651 spectari
402 2563 512 2642 solere,
537 2585 591 2650 qut
607 2563 731 2642 debeat,
755 2564 926 2632 sedetiam
948 2567 1036 2646 illud,
1060 2570 1115 2657 qui
1135 2572 1233 2655 possit
1248 2571 1296 2637 ul·

124 2654 221 2729 cisci3
242 2654 357 2739 inquo
372 2664 479 2715 utrum
504 2672 543 2713 ne
557 2651 607 2726 sit,
623 2672 694 2713 eum
710 2651 904 2734 superiorem
919 2676 1000 2717 esse:
1023 2654 1056 2717 in
1072 2676 1136 2742 quo
1150 2654 1294 2734 alterum,

123 2740 162 2802 in
177 2761 227 2815 eo,
242 2760 307 2801 non
321 2736 400 2824 quid
415 2736 441 2798 is
456 2671 539 2812 vellit,
555 2735 609 2799 sed
619 2735 695 2821 quid
710 2734 813 2800 lacere
828 2738 935 2821 possit,
951 2739 1048 2823 quaeri
1059 2738 1170 2804 solere.
1197 2738 1297 2817 Quod

124 2826 153 2888 si
176 2824 206 2888 ei
223 2820 423 2909 potissimum
445 2842 553 2884 censes
572 2820 712 2905 permitti
737 2836 886 2906 oportere
908 2823 1075 2888 accusandi
1142 2838 1295 2908 testatem,

124 2909 178 2975 cui
203 2909 375 2973 maximam
396 2907 435 2972 C.
452 2905 566 2970 Verres
587 2906 733 2992 injuriam
761 2905 887 2983 fecerit3
909 2920 1014 2972 utrum
1038 2921 1091 2973 tan
1115 2933 1164 2975 ern
1191 2915 1298 2979 censes

122 2995 184 3082 lios
193 2995 320 3083 judices
358 2990 461 3056 rarius
475 2990 557 3056 ferre
570 3009 728 3077 oportere,
751 3002 782 3055 te
802 2991 844 3057 ab
865 2992 920 3058 illo
935 3015 1003 3058 esse
1016 2993 1135 3075 laesum,
1158 3021 1199 3064 an
1222 3022 1298 3085 pro·

123 3082 265 3145 vinciana
281 3017 424 3146 Siciliam
444 3099 511 3141 esse
525 3090 670 3140 vexatam
692 3099 729 3140 ac
755 3076 937 3162 perditam?
980 3078 1115 3166 Opinor,
1139 3084 1329 3187 concedia2

120 3166 225 3231 multo
238 3166 303 3230 hoc
325 3177 358 3228 et
375 3185 441 3227 esse
455 3163 593 3251 gravius,
617 3175 649 3225 et
669 3161 710 3226 ab
732 3164 879 3228 omuibus
894 3163 969 3230 ferri
989 3166 1118 3253 gravius
1139 3181 1296 3254 oportere.

125 3250 280 3317 Concede
294 3251 402 3338 igitur,
421 3260 456 3312 ut
470 3248 528 3312 tibi
542 3258 754 3334 anteponatur
771 3248 804 3312 iu
819 3249 997 3334 accusando
1018 3252 1198 3338 provincia:
1210 3276 1298 3333 ‚nam

123 3336 294 3422 provincia
307 3349 443 3412 accusat,
466 3332 538 3399 edm
552 3334 579 3398 is
593 3334 661 3421 agit
682 3355 820 3410 causam,
842 3353 937 3423 quem
951 3337 1011 3401 sibi
1032 3337 1086 3403 illa
1100 3339 1298 3408 defensorem

124 3423 289 3508 suijuris,
318 3421 455 3486 ultorem
481 3419 678 3506 injuriarum,
695 3431 832 3485 actorem
860 3423 955 3487 totius
983 3446 1095 3505 causae,
1124 3427 1297 3514 adoptavit.

126 3509 177 3574 At
201 3528 271 3571 eam
296 3507 355 3571 tibi
381 3506 420 3572 C.
435 3505 552 3570 Verres
576 3503 651 3569 feeit
676 3504 835 3590 injuriam,
862 3530 933 3596 quae
957 3521 1144 3578 caeterorom
1170 3535 1298 3603 quoque

124 3593 250 3658 animos
278 3605 386 3678 posset
410 3589 514 3655 alieno
542 3589 745 3655 incommodo
773 3614 981 3660 commovere.
1039 3595 1199 3677 Minime3
1221 3561 1351 3667 num²6

123 3678 157 3743 id
185 3700 316 3765 quoque
345 3675 387 3741 ad
416 3698 484 3741 rem
512 3676 670 3761 pertinere
697 3676 845 3757 arbitror,
880 3679 980 3767 qualis¹
1008 3681 1124 3769 injuria
1152 3683 1296 3765 dicatur3

124 3785 196 3850 quse
221 3786 318 3829 causa
343 3761 582 3827 inimicitiarum
604 3760 793 3847 proferatur.
849 3762 1038 3864 Cognoscite
1062 3790 1103 3833 ex
1126 3792 1198 3836 me:
1220 3793 1298 3837 natu

122 3848 182 3916 iste
209 3871 282 3916 eam
310 3844 466 3936 prolecto,
493 3847 581 3912 'nisi
607 3843 705 3933 plane
728 3845 810 3912 nihil
840 3865 931 3936 sapit,
957 3873 1120 3941 nonquam
1147 3858 1296 3943 proferet.

1311 2701 1353 2760 15

594 4016 608 4044 ⁸
617 4005 674 4067 nisi
683 4006 721 4067 rit
733 4006 843 4069 nauus.

137 4198 178 4272 .⁵·
195 4197 298 4249 Horitar-
314 4197 389 4262 tuas]
423 4194 570 4261 Subscriptor
585 4202 638 4246 tous
653 4194 698 4245 At·
729 4195 825 4260 reliquis
846 4207 980 4275 segregatos
999 4206 1044 4257 est,
1062 4204 1158 4264 propter
1175 4198 1297 4265 dignita&

126 4260 351 4391 ”llas-as]
386 4323 492 4380 saturn
512 4325 606 4386 astar,
625 4325 698 4392 qur
730 4262 965 4393 “df‘l'rl'lm
997 4326 1033 4377 m
1042 4326 1130 4379 cesar
1138 4331 1254 4397 apae,

939 4412 961 4457 n
