2959 4959
404 351 461 422 IN
482 351 752 436 CAECILlUM,
766 351 1036 424 DlvtNATIt).
1318 357 1361 429 'ts

128 483 202 562 ‘int
229 483 276 548 sic
298 480 490 547 criminibus
513 492 546 546 et
567 481 713 547 oratione
736 481 957 570 distinguere?
1001 482 1154 550 Putas-ru
1177 498 1208 550 te
1229 507 1305 572 pos·

124 582 162 635 ⁸e
188 568 242 656 (id
261 567 353 657 quod
373 569 421 631 in,
448 566 585 632 ‘usmodi
611 589 667 632 reo
695 566 835 633 maxime
863 569 1074 634 necessarium
1103 571 1162 650 est)
1192 571 1305 649 facere,

124 667 175 733 ut,
224 677 277 719 nae
297 654 353 718 ille
372 589 556 755 libidinose,
580 676 653 754 quae
675 653 809 730 nefarie,
830 654 1241 758 quoencrudeliter'fecerit,
1270 680 1307 722 ea
1320 665 1364 724 20

125 763 209 891 dl?
222 739 937 915 ,tfftt‘ttllttttltlffltt't
955 741 1309 916 ttttltltftttt

130 911 252 990 cred03
282 912 349 976 noli
377 910 450 976 hoec
478 925 697 978 contemnere:
738 912 883 989 dicenda,
913 912 1169 993 demonstranda,
1206 914 1308 1000 expli-

136 998 249 1076 canda,
265 1012 342 1062 aunt
355 999 482 1062 omnia:
509 1019 601 1063 causa
615 1019 680 1063 non
696 996 797 1064 solnm
812 1000 1013 1084 exponenda,
1038 1000 1095 1064 sed
1117 1002 1212 1065 etiam
1234 1021 1309 1089 gra·

137 1084 224 1162 viter,
250 1081 448 1184 copioseque
472 1083 598 1171 agenda
621 1097 685 1150 este
721 1083 950 1170 perficiendum
974 1099 1030 1159 est,
1059 1087 1087 1149 si
1111 1086 1188 1173 qnid
1214 1107 1309 1172 agere
1321 1095 1365 1158 25

134 1182 190 1234 ant
202 1169 361 1255 perficere
375 1190 432 1246 rrs,
455 1182 493 1232 ut
507 1170 649 1234 homines
662 1182 695 1235 tc
709 1190 775 1233 non
790 1168 891 1234 solim
912 1170 1053 1248 audiant,
1075 1175 1185 1237 rernm
1212 1172 1309 1238 etiarn

135 1253 282 1334 lebenter,
307 1252 514 1342 studioseque
528 1254 669 1321 audiant.
714 1255 754 1319 In
769 1278 833 1355 qno
850 1255 876 1320 si
899 1267 931 1320 te
956 1255 1090 1322 multinn
1113 1272 1227 1324 natura
1251 1258 1309 1324 ad·

126 1341 268 1426 juraret,
292 1341 466 1426 aioptimis
481 1337 501 1403 d
515 1339 651 1426 pueritia
665 1341 743 1406 disci
768 1340 842 1405 lrnis
865 1355 898 1407 at
921 1365 961 1407 ue
980 1343 1101 1408 artibus
1125 1344 1307 1422 studuisses,

131 1439 165 1491 ct
187 1428 220 1491 in
247 1427 301 1491 his
325 1427 526 1505 elaborissea,
556 1428 581 1491 si
606 1426 712 1492 literas
776 1449 873 1492 roecas
899 1364 1046 1509 dthenia,
1071 1451 1137 1494 non
1162 1427 1307 1517 Lilybaei,
1345 1513 1347 1518 Ι

133 1511 270 1577 latinas
293 1512 419 1591 Romae,
444 1512 565 1577 nonin
591 1511 711 1591 stertit,
738 1512 916 1591 didicisses3
939 1527 1045 1580 tamen
1062 1529 1142 1581 esset
1156 1534 1366 1604 magnumst)

133 1611 259 1663 tantam
275 1620 414 1676 causam,
441 1611 506 1662 tam
521 1611 745 1684 erupectatam,
769 1613 802 1663 et
816 1599 983 1686 diligentia
998 1602 1158 1689 consequi,
1187 1615 1220 1666 et
1242 1625 1309 1668 me·

133 1683 239 1748 morin
253 1683 435 1771 complecti,
450 1697 483 1747 et
496 1684 640 1749 oratione
653 1706 823 1770 exponere,
839 1699 871 1749 et
882 1708 959 1750 voce
970 1700 1002 1750 et
1012 1687 1130 1752 viribus
1145 1690 1310 1754 sustinere.

133 1768 289 1836 Fortasse
309 1769 403 1847 dices,
430 1767 546 1847 Quid?
567 1791 644 1855 ergo
657 1768 729 1834 baec
744 1770 776 1833 in
792 1782 825 1833 te
838 1784 912 1834 aunt
925 1769 1055 1836 omnia?
1081 1772 1215 1838 Utinam
1238 1775 1309 1861 qui·

135 1853 213 1920 dem
223 1867 355 1920 essent:
382 1868 608 1930 verumtamen,
630 1868 666 1918 ut
679 1877 747 1920 esse
757 1874 895 1940 possent,
922 1877 1041 1942 magno
1062 1858 1167 1922 studio
1189 1856 1310 1922 mitit

137 1938 283 2025 pueritia
297 1955 342 2005 ast
355 1940 558 2006 elaboratum.
602 1939 701 2018 Quod
715 1942 741 2004 si
757 1962 818 2028 ego
832 1939 902 2005 haec
915 1954 1048 2027 propter
1058 1943 1310 2030 magnitudinem
1323 1960 1365 2021 35

138 2046 248 2091 rernm
265 2025 529 2091 aedidicnltatem
541 2027 664 2114 assequi
678 2048 745 2091 non
759 2026 861 2112 potui,
887 2027 943 2114 qui
968 2028 1001 2091 in
1027 2028 1115 2092 omni
1138 2026 1205 2094 vita
1230 2027 1312 2093 nihil

136 2110 226 2177 alind
241 2112 303 2199 egi,
340 2110 415 2177 udm
429 2111 528 2200 longe
543 2126 577 2179 tu
593 2126 625 2178 ta
638 2113 680 2177 nb
691 2112 741 2177 his
752 2113 847 2178 rebus
858 2113 966 2179 abesse
978 2113 1141 2192 arbitrare,
1157 2136 1236 2220 quas
1245 2135 1311 2179 non

134 2197 235 2263 modd
249 2211 306 2262 ant
358 2219 525 2286 uunquam
549 2196 706 2286 cogitbsti,
731 2198 787 2265 sed
808 2221 850 2263 ne
872 2221 958 2265 nunc
983 2200 1122 2288 quidem,
1150 2222 1223 2266 cum
1251 2199 1311 2265 bin

135 2307 189 2350 eas
203 2283 393 2372 ingrederis,
420 2305 491 2371 qnae
504 2298 537 2349 et
549 2298 678 2372 qnantae
698 2286 773 2358 sint,
798 2286 951 2372 suspicari
977 2287 1092 2371 potes?
1134 2285 1217 2375 Ego,
1266 2287 1310 2364 ui,

136 2371 219 2438 sicut
246 2391 359 2435 omnes
384 2370 498 2448 sciunt,
527 2370 561 2433 in
589 2369 660 2434 foro
682 2370 874 2460 judiciisque
898 2371 942 2436 ita
965 2393 1080 2449 verser,
1110 2385 1146 2437 nt
1170 2373 1219 2459 eju
1259 2389 1369 2448 emto

137 2457 240 2522 natatis
266 2469 322 2521 ant
346 2477 453 2534 nemo,
484 2468 540 2520 aut
567 2456 661 2542 pauci
689 2456 796 2543 plures
824 2479 933 2522 causas
961 2453 1170 2534 defenderint,
1199 2471 1231 2523 et

137 2564 235 2608 omne
262 2555 399 2626 tempus,
429 2541 516 2628 quod
541 2540 619 2605 mihi
642 2540 684 2606 ab
706 2542 881 2607 amicorum
910 2543 1045 2628 negotiis
1067 2541 1171 2622 datur,
1202 2544 1236 2606 in
1255 2481 1312 2609 lu·

139 2621 255 2692 studiis
289 2626 538 2714 ‘laboribusque
562 2648 759 2705 consumam,
798 2649 862 2716 quo
890 2627 1032 2713 paratior
1059 2627 1100 2692 nd
1137 2649 1230 2692 usum
1263 2628 1313 2692 ΐο-

142 2734 280 2791 rensem,
293 2712 544 2800 promptiorque,
568 2714 782 2799 essepossimr
806 2728 924 2791 tamen,
943 2713 992 2778 ita
1005 2711 1095 2777 Deos
1116 2712 1195 2776 mibi
1216 2711 1312 2777 velim

142 2798 310 2886 propitios,
333 2813 379 2877 ut,
406 2798 477 2863 cdm
503 2793 588 2863 illius
614 2798 679 2863 diei
707 2796 790 2864 mihi
813 2798 901 2861 venit
925 2797 958 2862 in
984 2809 1134 2876 mentem,
1160 2819 1224 2886 qno
1249 2797 1311 2878 die,
1325 2816 1369 2875 45

140 2885 241 2951 citato
264 2907 328 2962 reo,
359 2883 440 2949 mihi
468 2882 718 2962 dioendnm'sit,
748 2905 814 2947 non
839 2881 940 2946 solnm
965 2904 1166 2948 commoveor
1194 2884 1314 2964 animo,

95 3001 99 3010 ·
141 2970 305 3035 sedetiam
325 2983 395 3035 toto
420 2991 555 3057 corpore
578 2968 795 3057 perhorresco.
836 2968 910 3034 Jam
933 2989 1020 3033 nuno
1045 2982 1151 3034 menta
1172 2981 1205 3036 et
1227 2971 1316 3120 copi·

141 3058 264 3126 tatione
282 3056 455 3143 prospicio,
479 3070 641 3144 questum
664 3055 769 3120 studia
793 3054 971 3133 hominum,
998 3053 1054 3153 qui
1074 3076 1246 3121 concursus
1280 3079 1316 3121 u·-

140 3143 296 3221 turi'sint,
323 3154 475 3230 quantam
489 3143 757 3228 exspectationem
773 3141 959 3228 magnitudo
967 3138 1082 3227 judicii
1108 3140 1149 3204 sit
1171 3140 1315 3219 allatura,

139 3241 296 3315 qnantum
320 3226 502 3292 auditorum
528 3226 763 3292 multitudinem
777 3227 829 3310 VC.
854 3226 964 3291 Verris
985 3224 1114 3289 infamia
1140 3227 1316 3316 concitatu·
1329 3249 1373 3307 50

144 3334 195 3391 ra3
218 3328 369 3402 quantam
385 3312 522 3401 denique
542 3312 737 3378 audientiam
756 3313 893 3380 orationi
918 3331 998 3378 mete
1021 3310 1209 3398 improbitas
1233 3311 1317 3379 illius

340 3484 528 3545 laocedirad
537 3506 594 3545 eas.
870 3482 1105 3563 referentibus.

177 3653 218 3701 29.
234 3650 348 3716 Artena]
368 3649 471 3699 Athenis
487 3650 585 3701 llorebet
604 3648 716 3700 sermonis
748 3655 792 3706 rat,
811 3650 842 3698 ad
864 3664 936 3713 quam
956 3663 1025 3699 neruo
1043 3666 1091 3699 sue
1112 3650 1187 3699 atatis
1205 3667 1320 3716 perrene-

144 3716 242 3780 puritas⁸
254 3725 280 3763 et
290 3717 374 3764 artium
385 3716 500 3765 doctrina.
749 3723 792 3763 rat.

176 3781 215 3830 lb.
232 3779 285 3829 Nos
301 3779 417 3846 mylen]
434 3779 575 3850 lilybrcnm,
595 3795 625 3830 en
643 3778 718 3829 tribus
782 3782 822 3828 st
839 3775 877 3826 lte
895 3777 951 3827 Dant
965 3779 1041 3844 mitt]
1061 3779 1144 3830 Genus
1158 3778 1322 3844 jurisjursndi,

143 3843 230 3895 sicilia
239 3846 404 3910 promontoriis
414 3859 495 3902 narn,
505 3845 530 3892 in
539 3845 639 3911 Libyam
650 3861 718 3910 spec·
750 3844 774 3892 id
786 3851 830 3900 est,
846 3842 936 3891 tanturn
949 3844 1005 3893 milri
1018 3845 1097 3894 faveat
1112 3846 1187 3906 Dens,
1206 3841 1321 3909 quantitas

144 3918 205 3989 tsps,
216 3910 417 3977 ntaitPolybins,
428 3909 719 3961 hundenesheim
752 3910 1023 3986 renumestquud'dico.
1167 3973 1174 3986 ⁹
1201 3975 1207 3989 ι
1243 3970 1249 3983 ⁹

140 3990 291 4093 Ἕκα»
309 4043 336 4089 n
352 4039 452 4107 satra]
478 4038 624 4105 Imperium
646 4039 723 4090 σαι.
754 3977 833 4089 arcii
847 3969 1324 4103 {illel'lmlliiiclill'll'i'll

143 4104 169 4155 tit
180 4108 258 4167 ridet;
274 4106 317 4184 qui
326 4106 413 4164 literas,
429 4115 478 4155 tam
490 4106 585 4156 Graecas
594 4105 665 4171 quint
676 4105 723 4152 La·
755 4104 879 4154 cmitctur
888 4104 912 4152 in
924 4103 1079 4154 Cluentianlz
1098 4102 1184 4164 Semper
1197 4115 1247 4147 eun
1263 4109 1323 4149 m

143 4171 212 4229 fines,
230 4174 255 4220 in
268 4171 349 4220 stettin
365 4172 458 4231 didicit,
477 4173 519 4222 nbi
529 4179 629 4237 utraque
640 4170 720 4236 lingua
750 4172 832 4232 incipio
840 4170 918 4218 dicere.

146 4236 215 4300 plne
226 4237 318 4286 inculta
326 4245 386 4285 erat.
784 4239 825 4285 51.
842 4234 1005 4299 Audiendum]
1027 4229 1158 4281 Audienda
1168 4244 1255 4280 novum
1271 4238 1322 4280 tun

176 4307 216 4352 to.
235 4302 341 4369 &ardon
360 4302 450 4368 etatis]
472 4300 571 4353 Juvenlr
593 4300 657 4359 tteer,
679 4299 721 4350 Ci·
752 4301 797 4349 luit
818 4300 964 4355 vocabulum,
983 4307 1009 4346 et
1028 4297 1043 4346 i
1059 4295 1175 4345 Cicerone
1192 4297 1325 4354 inventum,

144 4366 421 4436 errojsnsibidioendl
436 4368 534 4435 parim
548 4367 574 4417 in
591 4367 641 4419 loro
657 4366 721 4418 tece-
753 4366 871 4436 perqnod
882 4365 1036 4414 attentionem
1044 4361 1170 4427 significet.
1207 4383 1211 4386 ·
