2959 4959
472 333 526 403 lbi
546 332 820 405 CATILINAM
844 337 910 405 ΙΙΙ.1
1274 350 1337 413 m

102 466 316 543 retsrxerunt,
338 463 368 529 si
382 461 463 528 illud
482 463 618 552 signum,
642 465 729 552 quod
751 463 873 542 ridetis,
894 464 969 530 solis
982 479 1100 544 onium,
1123 479 1155 534 et
1175 468 1281 536 forum

101 554 287 640 curiamque
300 550 508 634 conspiceret,
532 550 609 628 fore,
632 568 668 616 ut
682 574 720 616 ea
733 551 876 629 consilia,
900 575 973 639 quae
988 552 1069 617 clam
1084 556 1211 619 essenti
1237 557 1282 622 ita

101 654 214 705 watra
226 637 365 703 salntem
383 634 483 702 Urbis
493 649 588 724 utque
602 637 645 701 im
688 638 738 715 rii,
750 638 991 716 illustrarentur,
1005 637 1118 706 stas.
1134 640 1170 705 P.
1218 642 1280 708 .1t.
1331 666 1337 705 τ

100 726 241 812 perspici
256 732 396 808 possent.
442 725 548 823 Atque
573 660 719 788 illuditis
740 723 960 789 collocandum
983 726 1129 790 consules
1145 722 1193 790 illi
1216 736 1336 794 stssoe

101 824 258 877 merant:
278 808 332 874 aad
353 820 445 874 tanta
464 807 524 873 init
545 810 650 893 operis
672 809 813 888 tarditas,
837 826 873 875 ut
958 833 997 875 ue
1018 808 1040 873 d
1064 835 1099 876 su
1143 811 1281 880 rioribus

100 895 297 973 oonsulibus,
330 916 436 983 neque
461 891 481 957 a
502 895 596 960 nobis
617 910 692 961 ante
716 896 906 962 hodiernum
960 897 1030 973 iem,
1059 834 1282 965 collocaretur.

103 980 179 1048 Hic
193 981 263 1068 quis
276 993 381 1067 potest
394 1003 470 1058 esse,
487 979 640 1059 Quirites,
656 996 720 1046 tam
740 993 890 1048 ⁸auersus
900 979 924 1067 ¹a
938 1004 1022 1060 sero,
1045 995 1110 1047 tam
1127 1007 1280 1071 praeceps,

104 1084 175 1133 tarn
189 1080 293 1132 mente
306 1090 345 1132 ca
369 1080 429 1145 tus,
453 1066 508 1153 qui
521 1081 618 1154 neget
633 1068 701 1133 haec
715 1069 824 1132 omnia
838 1090 910 1155 quoe
925 1068 1085 1146 videmus,
1101 1072 1281 1156 praecipue-

104 1177 170 1243 qne
184 1152 264 1218 banc
288 1152 323 1220 U
365 1175 426 1230 em,
441 1153 575 1218 deorum
590 1154 815 1219 immortalium
831 1170 912 1218 nutu
933 1169 1027 1240 atquc
1048 1169 1204 1240 potestate
1222 1156 1279 1222 ad·
1290 1163 1335 1223 65

104 1236 305 1304 ministrari?
335 1237 476 1315 Etenim,
499 1236 570 1302 adm
594 1254 675 1304 asset
696 1242 741 1304 ita
763 1263 960 1327 responsum,
983 1241 1095 1318 caedes,
1118 1242 1279 1323 incendia,

103 1324 332 1412 interitumque
347 1324 540 1410 reipublicae,
557 1325 745 1411 comparari,
762 1340 844 1395 etas
862 1324 882 1389 d
897 1325 1028 1411 perditis
1042 1328 1182 1405 civibus3
1206 1338 1279 1416 quae

104 1423 169 1476 tum
185 1427 321 1497 propter
342 1409 596 1497 magnitudinem
619 1412 771 1477 scelerum
794 1411 955 1477 nonnullis
977 1411 1280 1479 incredibiliavide·

102 1496 232 1573 bantur,
253 1520 291 1561 ea
305 1518 371 1560 non
387 1493 486 1560 modo
499 1498 637 1583 cogitata
652 1495 672 1559 t
686 1496 813 1562 nefariis
827 1499 957 1576 civibus,
981 1497 1088 1563 lerdm
1103 1500 1196 1564 etiam
1211 1522 1280 1565 sus·

102 1598 208 1668 cepta,
223 1604 291 1647 esse
305 1581 457 1647 sensistis.
501 1581 586 1647 Illud
602 1580 677 1646 verb
698 1605 821 1663 non-ne
835 1584 879 1647 ita
901 1606 1040 1669 praesens
1061 1599 1117 1663 est,
1141 1600 1177 1650 ut
1197 1602 1279 1652 nutu
1291 1592 1334 1656 70

101 1668 193 1734 Jovis
277 1669 346 1733 timi
372 1666 511 1733 Maximi
537 1668 654 1733 factum
680 1690 747 1732 esse
771 1668 925 1745 videatur,
955 1682 1000 1745 ut,
1023 1668 1094 1733 crim
1122 1669 1280 1737 hodierno

103 1753 154 1818 die
170 1776 245 1818 man
282 1752 469 1839 pariorum,
490 1776 562 1818 meo
583 1756 684 1840 jussu,
707 1766 739 1817 et
754 1755 910 1841 conjurati
933 1769 964 1818 ct
985 1776 1096 1818 eorum
1111 1754 1230 1820 indices
1245 1760 1280 1820 in

103 1840 209 1905 adem
227 1839 416 1904 Concordiae
437 1840 639 1917 ducerentur,
662 1862 701 1903 eo
722 1840 793 1924 ipso
813 1855 958 1925 tempore
979 1840 1104 1925 signum
1126 1852 1281 1905 statuere·

102 1922 185 1989 tur?
208 1946 275 2010 quo
288 1924 450 2004 collocato,
472 1940 569 2013 atque
582 1924 624 1989 ad
639 1947 695 1989 vos
716 1938 922 2012 senatumque
936 1944 1098 2000 converso,
1125 1925 1233 1988 omnia
1248 1936 1281 1990 et

102 2023 247 2088 senatus,
269 2024 302 2076 et
314 2034 376 2091 ras,
399 2034 470 2100 quae
484 2024 577 2078 erant
590 2025 701 2076 contra
715 2011 847 2077 salutem
862 2010 1005 2075 omnium
1021 2010 1171 2097 cogitata,
1194 2009 1280 2075 illus·
1292 2015 1334 2079 76

103 2108 190 2161 trata
203 2109 235 2161 et
247 2096 404 2181 patefacta
416 2097 551 2164 vidistis.
595 2096 672 2174 Quo
682 2098 776 2162 etiam
790 2098 908 2184 majore
921 2111 994 2161 sunt
1006 2095 1056 2160 isti
1071 2095 1147 2160 odio
1161 2096 1282 2183 suppli·

103 2183 219 2269 cioque
240 2183 340 2271 digni,
364 2185 419 2272 qui
440 2206 508 2248 non
528 2181 630 2247 solilm
653 2184 764 2248 vestris
789 2182 956 2248 domiciliis
977 2196 1073 2269 atquc
1094 2182 1203 2257 tectis,
1224 2180 1281 2249 sed

103 2268 200 2332 ctiam
222 2267 357 2335 deorum
377 2269 504 2356 templis
528 2283 624 2356 atqua
647 2268 798 2347 delubris,
824 2285 899 2334 sunt
919 2269 1059 2334 funestos
1082 2292 1119 2334 ac
1141 2270 1279 2335 nefarios

105 2354 195 2439 ignes
219 2355 337 2420 inferre
350 2359 475 2421 conati:
498 2356 612 2443 quibua
634 2356 735 2441 egosi
759 2378 810 2420 mc
832 2355 981 2420 restitisse
1005 2353 1121 2433 dicam,
1144 2356 1279 2431 nimium

104 2440 184 2503 mihi
208 2440 368 2520 ”sumam
399 2455 431 2506 et
450 2464 517 2505 non
540 2442 599 2506 sim
624 2441 789 2506 ferendus:
823 2441 886 2514 ille,
918 2440 972 2505 illc
996 2440 1122 2526 Jupiter
1144 2443 1336 2520 restitit380

105 2524 158 2590 illa
174 2526 384 2612 Capitolium,
406 2526 460 2593 ille
474 2527 545 2592 lroec
556 2527 684 2610 templa,
700 2525 754 2590 ille
768 2527 852 2592 hanc
868 2525 1002 2603 Urbem,
1025 2526 1080 2589 ille
1093 2548 1150 2589 ros
1168 2546 1283 2591 ornnes

105 2611 206 2675 salros
219 2635 287 2678 esse
301 2611 412 2678 voluit.
455 2613 529 2679 Diis
550 2635 611 2701 ego
625 2611 858 2677 immortalibus
878 2611 1013 2676 ducibus
1027 2610 1110 2675 banc
1129 2623 1280 2687 mentem,

104 2697 262 2774 Quirites,
296 2698 490 2765 voluntatem
516 2721 555 2763 ue
583 2699 716 2783 suscepi,
753 2710 849 2784 atquc
876 2697 915 2760 atl
946 2694 1016 2759 hacc
1045 2707 1134 2759 tanta
1163 2694 1281 2758 iudicia
1321 2710 1324 2721 ¹

104 2783 250 2869 perveni.
293 2784 368 2849 Jam
389 2784 466 2851 verb
492 2785 499 2800 '
527 2808 547 2859 a
569 2784 781 2869 Allobrogum
804 2780 984 2846 sollicitatio
1008 2777 1028 2841 a
1054 2776 1194 2843 Lentulo
1218 2800 1280 2843 ca·

105 2870 244 2957 terisque
265 2869 445 2936 domesticis
471 2869 626 2948 hostibus,
663 2883 833 2946 tantares,
870 2880 936 2931 tarn
965 2863 1131 2929 dementer
1159 2863 1336 2930 cretlita85

104 2969 137 3020 ct
173 2957 291 3041 ignotis
327 2970 360 3021 et
386 2956 541 3035 barbaris,
578 2956 815 3041 commissaeque
842 2952 941 3017 literae
977 2971 1139 3037 nunquam
1176 2963 1283 3016 esseut

105 3040 261 3126 prolecto,
297 3042 359 3107 nisi
387 3041 408 3106 a
436 3042 497 3109 diis
526 3041 758 3107 immortalibus
788 3039 880 3105 ihuic
911 3050 1006 3103 tantoe
1035 3035 1176 3101 audacias
1204 3058 1284 3101 con·

138 3400 141 3405 st
236 3339 250 3377 ⁸
255 3348 413 3409 perversus.
573 3328 745 3409 tarrogato.
904 3323 978 3384 Πανὶ
991 3322 1154 3384 audacibut·

141 3712 181 3757 60.
199 3709 368 3777 cambilla]
400 3710 475 3759 Cotta
483 3717 508 3758 et
517 3710 656 3774 Torquatus.
715 3756 718 3765 ,
747 3712 786 3756 tto.
805 3705 856 3755 Nan
874 3711 915 3755 rr'm
925 3706 1056 3773 serendus]
1089 3704 1206 3753 Praedicat
1220 3716 1285 3749 ann·

140 3778 180 3822 ⁶¹·
197 3774 350 3835 &m
367 3775 513 3851 mutibus]
554 3774 581 3822 L
604 3775 684 3824 esaar
714 3786 778 3821 mun
795 3772 1051 3827 deorumbeneflcium
1068 3771 1157 3833 quuab
1173 3765 1285 3816 incendio

106 3839 183 3889 etc·
206 3839 304 3904 legatus
324 3839 433 3890 canadas
460 3847 516 3888 ante
543 3840 682 3891 Ciceronem
714 3837 804 3902 templa
815 3848 840 3885 et
848 3838 908 3886 Urbs
920 3838 1018 3884 liberata
1028 3835 1154 3899 est3quod
1164 3833 1287 3880 albiano-

107 3903 181 3953 fuist·
713 3919 769 3967 gare
780 3902 830 3951 siud
841 3902 931 3951 sumini
941 3902 1062 3966 impietate
1073 3915 1120 3947 noa
1132 3900 1220 3961 posset.

141 3972 180 4019 72.
197 3967 227 4018 la
244 3965 468 4032 odancrmdied
502 3968 532 4018 In
549 3969 602 4018 ode
618 3970 682 4019 Con·
746 3970 786 4018 85.
812 3966 884 4017 Tanta
904 3983 945 4023 m.
971 3976 1017 4014 tan
1037 3961 1165 4039 demun]
1207 3958 1286 4007 Tana

107 4036 193 4084 cortis
203 4034 292 4086 Cicero
302 4042 408 4082 maetam
416 4034 603 4084 babitumserat.
626 4035 681 4083 Tria
712 4034 852 4096 conjuratio,
869 4041 895 4081 et
905 4031 991 4080 bellurn
1011 4039 1058 4077 trun
1071 4037 1227 4091 pcmrarosaut
1244 4034 1287 4067 ex·

107 4097 200 4149 imant
221 4100 310 4148 Ram
329 4099 425 4162 tempta
436 4099 594 4156 Concordia
609 4116 682 4151 auum
713 4100 850 4162 cogitatum,
867 4098 918 4146 sios
937 4095 1027 4145 suntab
1044 4090 1163 4165 demendi
1176 4101 1224 4134 noa
1241 4099 1287 4161 pa-

108 4161 134 4211 ia
149 4166 204 4215 aret
214 4164 331 4222 Vulcani,
346 4162 411 4213 aliud
423 4165 449 4214 itt
465 4178 527 4224 arce,
544 4165 638 4214 tertium
656 4166 680 4213 in
715 4164 761 4211 luit
778 4164 892 4212 curumitti
913 4161 1000 4217 innotis
1018 4167 1043 4207 et
1065 4155 1167 4203 barbam
1186 4153 1288 4199 lromtnt-

108 4226 175 4278 aas·
716 4229 768 4283 sus.
795 4228 820 4275 m
848 4239 893 4281 ess.
920 4214 1096 4286 allobrogum.
1126 4217 1191 4265 uua
1206 4223 1288 4263 aaa„

141 4296 180 4344 ²³·
195 4296 294 4363 Signa
310 4296 465 4360 staremus]
505 4296 572 4347 Jovia
590 4292 685 4345 sinula-
733 4293 780 4342 ubrl
797 4295 899 4406 birrum
914 4302 1021 4338 externos
1038 4299 1118 4332 omnm
1134 4280 1287 4347 appellabant

106 4372 180 4412 “¹¹¹¹-
607 4400 610 4409 .
758 4374 828 4408 man.
