2959 4959
194 301 258 362 tls
608 286 676 354 DE
698 284 937 355 AMICITIA.

194 419 267 486 dire
287 426 435 506 nequeat,
447 415 541 504 bajas
554 414 637 480 salus
657 412 866 501 desperanda
879 422 938 479 est.
971 411 1095 478 Seitum
1109 416 1167 478 'est
1188 398 1270 478 enim
1283 413 1373 479 rilu‘d

199 505 340 604 Catonis,
362 518 399 569 ut
422 499 739 602 adamannus
763 499 955 600 quibusdam
977 498 1109 599 acerpos
1132 500 1277 565 inimicos
1296 521 1373 565 me·

197 773 381 838 mouentur,
402 781 474 825 eam
495 758 682 835 molestatam,
712 778 808 844 quam
839 755 959 821 debent
980 778 1102 843 capere,
1117 780 1195 823 non
1217 769 1371 845 capiunt3

79 838 83 851 ’
196 867 269 911 nm
284 847 423 931 capiunt,
445 843 508 931 qui
528 843 790 913 debentsacare.
835 841 1086 907 Pesciasseenim
1108 866 1230 908 senon
1244 866 1285 909 an

198 942 271 997 ture
294 931 453 1018 objurgari
479 926 611 994 moleste
636 928 762 1003 ierunt3
795 924 885 1015 quod
910 924 1021 993 contri
1034 929 1227 1014 oportebat,
1252 929 1274 994 d
1303 930 1371 994 icto

120 1036 150 1099 j
194 1015 316 1094 dolere,
331 1014 529 1081 correctione
542 1013 692 1101 gaudere.
844 1067 846 1069 .
1153 1049 1156 1057 ,

241 1101 356 1166 XXV.
401 1100 450 1166 Ut
473 1101 572 1187 igitur
592 1112 626 1165 et
654 1121 784 1165 monere
812 1114 846 1165 et
874 1101 1040 1186 monerip
1114 1100 1180 1164 'nm
1203 1112 1257 1165 est
1288 1122 1372 1165 verse

91 1240 95 1247 .
193 1187 363 1264 amicitioe3
384 1199 418 1252 et
431 1184 567 1252 alterurn
581 1183 681 1250 iibere
695 1184 810 1263 facere,
825 1207 891 1250 non
905 1185 1039 1271 asper&
1058 1198 1188 1251 aterum
1204 1186 1373 1270 patienter

193 1270 353 1358 accipere,
366 1294 444 1338 non
465 1284 702 1359 repugnanter3
725 1273 773 1337 sic
794 1271 977 1337 habendum
998 1285 1056 1349 est,
1079 1270 1199 1336 nuliam
1220 1273 1258 1335 in
1287 1272 1372 1336 ami·

193 1358 281 1424 citiis
294 1372 415 1445 pestem
430 1380 497 1424 esse
517 1360 681 1444 majorem,
695 1357 793 1444 quim
809 1357 1034 1437 adulationem,
1047 1357 1244 1434 blanditiam,
1257 1379 1374 1422 assen-

196 1445 373 1510 tationem:
401 1439 544 1543 quamvis
569 1443 654 1517 enim
676 1441 785 1507 multis
808 1442 991 1508 nominibus
1021 1455 1069 1508 est
1088 1444 1151 1507 hoe
1172 1443 1290 1506 vitium
1311 1465 1372 1508 no·

198 1530 342 1609 tandum,
364 1530 483 1594 lenum
511 1528 678 1594 hominum
707 1539 803 1629 atque
830 1527 1000 1606 fallacium,
1026 1528 1067 1593 ad
1096 1529 1298 1593 voluntatem
1327 1528 1372 1593 io·

195 1612 363 1702 quentit'nn
384 1616 501 1694 omnia,
526 1614 607 1679 nihil
631 1614 671 1680 ad
693 1626 868 1679 ventatem.
921 1613 1003 1678 Cim
1024 1627 1131 1679 autem
1152 1614 1303 1679 omnium
1324 1636 1373 1679 re·

197 1721 270 1764 rum
292 1700 453 1766 simulatio
473 1700 653 1765 amitina
673 1699 772 1781 (toiiit
785 1701 869 1764 enim
878 1698 1037 1785 judicium
1054 1701 1132 1777 veri,
1156 1700 1255 1787 idque
1280 1699 1373 1765 adul·

195 1784 304 1866 terat),
315 1800 385 1851 tum
399 1786 548 1851 amicitiae
561 1799 719 1874 repugnat
733 1784 888 1850 maxime:
911 1785 995 1850 delet
1009 1786 1096 1849 enim
1106 1788 1281 1860 vamtatem,
1297 1783 1371 1849 sine

196 1869 262 1973 quis
274 1894 391 1938 nomen
406 1871 553 1936 amicitiae
567 1872 672 1937 valere
685 1892 752 1936 non
776 1883 891 1956 potest.
935 1870 1030 1949 Nam,
1055 1870 1127 1936 edm
1151 1871 1295 1936 amicitia
1319 1870 1370 1933 vis

197 1959 287 2024 sitin
302 1981 351 2037 eo,
367 1971 403 2024 ut
422 1979 505 2022 unus
518 1958 607 2045 quasi
622 1958 747 2022 animus
761 1956 818 2021 fiat
841 1978 882 2021 ex
901 1956 1064 2042 pluribus3
1087 1956 1144 2044 qni
1167 1957 1202 2021 id
1226 1956 1295 2019 fieri
1308 1978 1370 2042 po-

197 2045 283 2122 terit,
306 2045 333 2109 si
358 2066 399 2107 ne
422 2044 457 2108 in
479 2064 545 2107 uno
569 2043 699 2130 quidem
719 2063 846 2128 quoque
869 2053 954 2106 unus
974 2044 1099 2105 animus
1123 2044 1194 2119 erit,
1221 2041 1369 2128 idemque

194 2125 1021 2297 ffltn⁸titntttttttffi¹tnt⁰ittti
1040 2127 1369 2297 iiidqiiiapiii‘

730 2255 740 2289 9

147 2298 153 2313 ’
194 2294 262 2381 rius
276 2317 341 2377 non
363 2293 468 2358 modo·
483 2314 610 2359 sensnm
634 2317 673 2359 ac
695 2295 904 2375 voluntatem,
929 2299 984 2364 sed
1006 2297 1097 2362 etiam
1116 2295 1240 2359 tultum
1264 2308 1368 2382 atque

193 2391 319 2456 nutum,
335 2376 554 2444 convertitur?

276 2483 373 2563 Negat
385 2479 471 2563 qais?
490 2501 572 2574 nego.
611 2482 686 2542 Ant
705 2482 763 2544 aio.
804 2481 951 2544 Postremi
961 2481 1100 2563 imperavi
1110 2491 1217 2561 gomet
1229 2480 1310 2555 miii,

278 2561 380 2623 Omnia
394 2569 543 2635 westan,
702 2568 706 2579 ”
922 2603 925 2615 .
953 2568 955 2571 ’

195 2664 235 2718 ut
259 2652 305 2717 ait
329 2652 413 2717 idem
437 2650 626 2727 Terentium
656 2649 713 2714 sed
738 2648 792 2713 iiie
816 2650 850 2714 in
877 2649 1062 2716 Gnathonis
1134 2650 1250 2727 rsoni3
1304 2650 1368 2717 uod

174 2739 293 2803 amici
314 2760 413 2826 genus
435 2736 596 2821 adhibere,
619 2736 755 2800 omnino
774 2735 908 2801 levitatis
929 2750 987 2800 est.
1023 2734 1133 2800 «Mati
1156 2753 1265 2801 autem
1281 2673 1369 2802 gns·

197 2823 333 2888 thonum
355 2822 482 2899 similes,
506 2821 579 2888 mim
600 2823 674 2899 sint,
697 2820 779 2901 loco,
806 2820 946 2900 fortuni,
960 2819 1055 2899 famis,
1078 2822 1285 2906 'superiorem
1308 2823 1366 2888 ho-

197 2927 270 2971 rum
284 2920 332 2971 est
342 2908 511 2972 assentatio
527 2906 669 2985 molesta,
693 2907 768 2971 edm
784 2907 823 2972 ad
840 2907 1010 2972 vanitatem
1026 2907 1159 2970 accessit
1184 2908 1366 2973 auctoritas.

197 2992 329 3056 Secerni
352 3005 457 3056 autem
482 2992 619 3057 blandus
641 2993 762 3058 amicus
776 2990 796 3056 ὲ
810 3015 896 3071 vero,
908 3006 951 3056 et
970 2993 1155 3069 internosci,
1170 3006 1237 3057 tam
1252 3004 1366 3092 potest,

196 3075 342 3142 adhibiti
362 3076 538 3165 diligentia,
560 3070 658 3164 quim
681 3079 790 3143 omnia
812 3076 917 3143 fucata
943 3083 978 3142 'et
1007 3077 1155 3142 simulata
1187 3076 1207 3139 i
1236 3079 1368 3144 sinceris

193 3174 293 3251 atque
314 3164 407 3229 veris.
453 3163 586 3240 Concio,
610 3185 682 3251 quoe
704 3185 746 3228 ex
772 3163 1012 3250 imperitissimis
1034 3175 1167 3241 constat,
1189 3176 1296 3227 tamen
1314 3165 1370 3250 ju·

192 3249 305 3316 dicare
326 3249 416 3328 solet,
438 3247 515 3337 quid
536 3249 662 3312 intersit
682 3249 766 3312 inter
786 3249 984 3336 popularem,
1003 3248 1036 3312 id
1058 3264 1115 3327 est,
1139 3262 1368 3315 assentatorem

192 3347 230 3396 et
250 3334 351 3400 levem
373 3336 486 3411 civem,
508 3346 540 3398 et
561 3334 644 3399 inter
664 3345 871 3412 constantem,
887 3355 1039 3412 severum,
1054 3348 1088 3399 et
1100 3357 1242 3422 gravem.
1288 3336 1370 3413 Qui·

195 3416 257 3481 bus
280 3420 442 3485 blanditiis
470 3419 507 3484 C.
540 3419 687 3505 Papirius
720 3441 825 3505 nuper
848 3420 1003 3503 influebat
1022 3421 1058 3484 in
1079 3442 1172 3485 aures
1193 3422 1366 3500 concionis,

197 3499 270 3567 cim
285 3504 381 3567 ferret
393 3504 496 3594 legem
512 3505 552 3570 de
565 3505 707 3571 tribunis
722 3505 823 3592 piebis
846 3504 1043 3571 reficiendis!
1067 3505 1284 3571 Dissnasimus
1296 3528 1367 3571 nos.

199 3586 366 3655 Sednihil
387 3588 429 3653 de
449 3610 520 3653 me:
556 3591 598 3657 de
628 3591 778 3677 Scipione
804 3590 910 3654 dicam
940 3591 1100 3663 libentiins.
1145 3591 1275 3668 Quanta
1307 3590 1368 3657 ilis

108 3736 112 3745 ,
197 3673 259 3827 fideii
279 3672 474 3738 immortales
485 3672 508 3756 Ι)
531 3674 593 3741 fnit
613 3674 772 3764 gravitas!
795 3687 915 3763 quanta
928 3676 970 3757 in
983 3677 1128 3742 oratione
1142 3675 1307 3759 majoetas!
1331 3686 1369 3743 ut

250 3760 292 3827 itt
302 3759 415 3826 ducem
426 3758 537 3845 popuii
546 3761 696 3840 Romani,
705 3784 771 3827 non
780 3761 1078 3839 comitem5diceres.
1095 3760 1369 3849 (sedatiuistiset

196 3858 248 3913 est
261 3846 454 3913 inmanibus
467 3845 595 3935 oratio.)
626 3847 738 3934 Itaque
752 3846 804 3910 lex
824 3845 989 3931 popularis
1011 3847 1167 3937 suffiagiis
1188 3868 1235 3932 po
1296 3849 1368 3912 're-

223 3933 331 3999 udista
344 3946 400 3998 est.
444 3931 551 4017 Atque
579 3944 614 3995 ut
627 3930 670 3995 ad
691 3951 744 3995 me
762 3929 903 4011 redeam)
926 3932 1123 4012 meministis,
1146 3932 1192 4010 Q.
1295 3933 1303 3947 ’

197 3954 297 4085 iane
326 4019 494 4104 Scipionis,
516 4028 549 4082 et
604 4061 613 4081 .
638 4013 794 4081 Mancino
808 4015 1002 4097 consulibus,
1023 4017 1122 4106 quim
1136 4016 1297 4105 popularis
1311 4014 1368 4082 lex

198 4101 242 4168 de
250 4104 433 4169 sacerdotiis
443 4105 482 4169 C.
495 4100 612 4169 Licinii
624 4100 730 4167 Crassi
743 4099 927 4169 videbatur:
942 4103 1107 4191 cooptatio
1116 4105 1202 4169 enim
1214 4100 1371 4188 collegio-

198 4204 273 4252 rum
285 4188 327 4254 ad
407 4189 452 4255 uli
464 4187 652 4256 beneficium
666 4186 921 4254 transferebatur.
946 4228 952 4240 ·
964 4189 1073 4278 Atque
1085 4191 1114 4253 is
1126 4185 1265 4275 primim
1276 4186 1369 4253 insti·

199 4268 316 4339 teitin
341 4295 434 4341 orum
448 4296 556 4344 versus
577 4294 671 4364 agere
691 4293 765 4341 cum
778 4272 918 4366 populos
940 4284 1050 4344 tamen
1069 4274 1155 4346 illius
1175 4272 1369 4343 vendibilem
