2959 4959
669 339 796 408 VITA.

414 588 579 661 ANNUS
602 592 747 662 URBIS
770 594 997 663 CONDITAE
1018 607 1093 666 669.

273 722 349 818 Cott-
361 722 473 798 udam,
486 737 551 788 orte
566 729 707 790 Christum
720 736 769 792 88.
810 731 951 792 Ciceronis
963 733 1110 813 vigorimm
1121 735 1230 795 tertius.

175 849 278 937 Sylla,
289 852 384 917 rebus
395 857 578 941 compositis
590 858 621 923 in
629 859 718 938 Asia,
728 860 868 925 civitates
878 861 943 946 ejus
951 860 983 925 in
995 861 1365 950 provinciasdescripsit,

129 947 244 1023 atque,
270 938 315 1001 ibi
330 938 473 1005 Maronia
487 943 596 1008 relicto
610 967 682 1010 oum
704 946 828 1012 duabus
849 945 999 1011 Fimbriae
1024 946 1211 1035 legionibus,
1237 948 1304 1034 ipse
1323 950 1360 1016 in

133 1022 308 1101 Graecam,
331 1048 370 1090 ao
379 1026 455 1091 inde
467 1029 499 1091 in
512 1029 646 1109 ltaliam,
661 1032 795 1118 trajecit,
819 1032 951 1095 extortis
964 1029 1059 1097 antei
1068 1055 1126 1118 por
1141 1035 1204 1098 vim
1229 1033 1379 1119 publicb'

127 1109 347 1257 privatimque
357 1113 511 1195 pecuniis,
523 1137 600 1202 quas
610 1118 724 1202 partim
736 1118 796 1182 sibi
807 1117 847 1182 ad
859 1116 977 1182 bellum
987 1119 1163 1204 assumpsit,
1173 1119 1290 1205 partim
1297 1119 1363 1186 mi·

155 1195 241 1260 ubus
251 1194 425 1262 distribuit.
460 1197 659 1268 comantem
675 1202 830 1268 hostiliter
844 1202 884 1266 ad
894 1203 1003 1267 urbem
1015 1204 1145 1282 reniret,
1161 1205 1363 1271 missosaaa·

130 1293 211 1345 natn
225 1280 349 1368 legatos
363 1303 430 1348 non
444 1284 577 1352 audivit:
602 1311 650 1366 ac,
676 1287 749 1353 ciam
764 1288 794 1353 ei
811 1287 915 1353 Cinna
936 1288 1029 1354 vellet
1049 1311 1225 1369 occurrere,
1248 1288 1269 1354 d
1293 1291 1361 1358 suis

129 1364 297 1432 confossus
311 1380 369 1433 est.
404 1368 541 1458 Reliqua
555 1395 640 1438 anno
654 1374 740 1439 solus
757 1373 864 1439 Carbo
880 1373 1086 1439 Consulatum
1101 1377 1205 1462 gessit.
1235 1374 1358 1442 Totum

128 1463 238 1517 antem
254 1451 318 1517 hoc
333 1454 518 1534 triennium,
566 1482 606 1524 uo
620 1459 661 1524 ab
675 1460 771 1525 armis
785 1459 917 1532 cessarit
932 1459 1050 1538 civitas,
1073 1475 1182 1526 noctes
1196 1473 1229 1525 et
1241 1461 1309 1527 dies
1322 1463 1358 1528 in

127 1539 222 1602 omni
246 1537 466 1604 doctrinarum
486 1564 517 1605 nr
561 1545 691 1611 itatlona
705 1557 844 1610 versatus
863 1557 910 1610 est
927 1545 1052 1628 Cicero,
1075 1559 1111 1611 ut
1125 1548 1170 1611 ait
1183 1545 1217 1609 in
1242 1545 1359 1613 Bruto.

71 1705 78 1712 Ι
132 1621 1204 1717 EratcumStoicoDiodoro,quiapudeumhabitaritetapudeum
1213 1644 1360 1699 mortuus

129 1721 190 1774 ost.
214 1709 293 1797 Ejus
303 1711 424 1776 artibus
432 1715 526 1778 variis
539 1716 584 1780 ita
599 1729 666 1782 erat
674 1715 810 1793 deditus,
826 1732 861 1780 ut
871 1715 912 1780 ab
923 1717 1069 1781 oratoriis
1079 1718 1361 1784 exercitationibus

131 1794 240 1861 nullus
269 1796 337 1861 dias
359 1821 475 1867 vacuus
500 1815 588 1866 esset
634 1801 917 1867 commentabatur
944 1800 1149 1867 declamitant
1174 1801 1257 1888 soepd
1282 1825 1364 1870 cuna

134 1879 266 1959 Pisone,
287 1897 320 1946 et
332 1905 401 1949 curn
416 1884 460 1962 Q.
477 1885 644 1973 Pompeio,
659 1898 714 1951 aut
727 1907 800 1951 cum
812 1883 917 1972 aliquo
932 1886 1089 1972 quotidie:
1112 1885 1210 1972 idque
1223 1887 1366 1954 faciebat

132 1966 275 2032 multum
291 1969 381 2034 etiarn
389 1969 517 2049 Latini,
533 1972 588 2037 sed
599 1970 716 2038 Graeca
725 1969 849 2057 smpids,
862 1985 929 2035 tum
941 1970 1015 2057 quia
1027 1970 1143 2036 Graeca
1152 1970 1254 2035 oratio
1264 1971 1367 2057 plura

132 2071 322 2120 ornamenta
335 2056 565 2143 suppeditabat,
581 2072 612 2123 et
625 2053 770 2122 similiter
781 2054 908 2121 dicendi
918 2055 1178 2121 consuetudinem
1187 2056 1362 2135 afferebatg

131 2153 202 2204 tum
217 2140 292 2227 quia
305 2141 529 2222 arbitrabatur,
546 2142 633 2231 qubd
647 2141 668 2207 d
684 2142 807 2209 Graecis
821 2141 951 2206 summis
962 2140 1154 2219 doctoribus,
1167 2139 1228 2204 nisi
1241 2140 1366 2208 Graecb

129 2224 261 2305 diceret,
277 2249 381 2329 nequa
394 2228 511 2316 corrigi
527 2243 640 2314 posset,
656 2251 760 2316 neque
771 2227 891 2294 doceri.
935 2229 1071 2296 Aratum
1096 2226 1237 2300 versibus
1259 2227 1365 2294 bena·

132 2312 243 2376 metris
256 2312 367 2392 edida,
386 2313 614 2400 Xenophontis
630 2314 878 2380 OEconomicum
894 2310 913 2375 ὲ
930 2313 1045 2379 Graeco
1059 2335 1204 2378 sermone
1219 2314 1252 2378 in
1268 2313 1362 2381 Lati·

134 2418 222 2476 num,
239 2412 275 2462 nt
287 2400 399 2465 scribit
416 2400 634 2488 Hieronymus
649 2402 681 2466 in
697 2399 884 2486 praelatione
897 2398 931 2462 in
947 2397 1077 2465 Eusebii
1093 2397 1264 2477 Chronica,
1282 2399 1361 2465 Pla·

129 2486 216 2549 tonis
231 2484 328 2550 libros
342 2485 475 2574 aliquos,
499 2500 531 2552 et
547 2487 768 2575 Protagoram,
782 2483 948 2550 convertit.

404 2671 565 2740 ANNUS
589 2673 732 2741 URBIS
756 2668 982 2737 CONDITAE
1008 2677 1083 2739 670.

136 2793 214 2865 Cott-
227 2806 267 2865 L.
280 2805 411 2868 Cornelio
427 2807 556 2889 Scipione
570 2808 705 2877 Asiatico,
739 2806 772 2866 C.
786 2804 924 2866 Norbano
938 2803 1052 2874 Flacco,
1072 2812 1139 2862 onte
1154 2801 1296 2863 Christum
1306 2805 1361 2864 89.

526 2888 668 2948 Ciceronis
680 2886 828 2967 oigcaimroe
846 2892 972 2965 quantas.

176 3010 343 3089 Consules,
359 3014 488 3100 unaque
503 3014 620 3092 Carbo,
643 3027 756 3080 contra
771 3014 891 3102 Syllam
914 3036 985 3078 cum
1010 3013 1073 3078 suis
1098 3012 1198 3099 copiis
1222 3011 1360 3099 profecti

129 3110 226 3163 sunt:
248 3121 297 3176 oc,
322 3096 481 3185 licetipse
495 3102 638 3188 scoequis
662 3101 899 3166 conditionibus
922 3100 1148 3165 descensurum
1175 3097 1216 3162 ad
1241 3118 1356 3183 pacata

130 3198 311 3261 testaretur,
326 3197 439 3248 contra
454 3184 608 3251 Consules
620 3188 785 3273 pugnavit,
800 3200 831 3252 ct
846 3200 1014 3272 utrumque
1026 3184 1216 3271 profligavit.
1232 3182 1361 3250 xCarbo

28 3289 33 3296 ’
132 3270 301 3346 adurbem
317 3269 424 3349 rediit,
440 3271 613 3359 effecitque,
629 3272 701 3338 utS
722 3272 775 3350 lla,
791 3286 822 3337 at
836 3272 892 3358 qui
916 3273 982 3358 ejus
1006 3267 1026 3332 d
1050 3269 1193 3355 partibus
1217 3266 1358 3345 stabant,

134 3354 240 3421 hostes
254 3354 275 3420 ὲ
291 3355 652 3443 Senatujudicarentur.
696 3295 774 3424 dloc
788 3356 901 3422 eodem
918 3371 1061 3442 tempore
1087 3351 1281 3440 Capitolium
1306 3351 1362 3418 in·

133 3463 262 3508 censum
276 3441 348 3521 fuit,
363 3442 455 3507 annis
468 3441 534 3508 ferd
548 3444 661 3532 viginti
674 3457 749 3509 ante
765 3442 913 3508 Catilinae
926 3440 1186 3530 conjurationem.

407 3627 565 3696 ANNUS
589 3628 733 3696 URBIS
757 3625 988 3694 CONDITAE
1013 3634 1086 3697 671.

187 3763 265 3824 Cora.
282 3763 335 3822 Ca·
351 3762 474 3843 Papirio
490 3762 627 3842 Cardono,
643 3763 697 3822 Ca.
710 3763 811 3823 Morio
826 3762 1008 3835 Gratidiano,
1020 3772 1086 3822 ante
1101 3760 1242 3821 Christum
1256 3764 1308 3820 81.

551 3842 692 3910 Ciocroair
703 3841 850 3924 vigesimus
862 3841 985 3923 quintus.

178 3969 286 4035 Carbo
300 3967 430 4034 tertium
441 3969 541 4035 linctus
555 3982 604 4035 cst
619 3967 741 4036 Consul
755 3991 827 4035 cum
843 3949 1166 4044 Mario'Gratidiano,
1179 3986 1272 4055 quem
1283 3963 1362 4029 Ma·

136 4052 201 4119 rius
212 4056 329 4141 septies
344 4054 468 4120 Consul
482 4054 655 4139 adoptarit.
681 4055 714 4120 ls
727 4054 840 4141 pardm
856 4054 987 4119 feliciter
1002 4076 1075 4119 cunr
1092 4051 1235 4201 Sylllrpu
1282 4050 1362 4130 avit,

136 4140 293 4226 rebusque
306 4140 491 4227 desperatis,
506 4141 567 4206 sibi
581 4141 641 4226 ipsi
652 4162 764 4206 manus
775 4140 893 4206 intulit.
917 4138 997 4205 lade
1007 4139 1046 4204 ad
1060 4139 1171 4204 urbem
1207 4135 1240 4222 51
1282 4157 1371 4202 con·

138 4224 249 4304 tendit,
276 4226 332 4291 ubi
346 4227 516 4291 commisso
535 4226 660 4311 proelio,
686 4228 849 4314 octoginta
863 4225 1031 4290 hominum
1053 4221 1154 4286 millia
1178 4217 1302 4300 cecidit,
1328 4234 1367 4287 et

139 4306 306 4377 duodecim
315 4311 416 4378 millia
429 4312 589 4379 scrittori
603 4310 804 4379 dediderunt
828 4312 914 4378 Fuso
925 4309 1082 4377 Carbonis
1092 4307 1243 4388 exercitu,
1258 4307 1366 4376 ricton
