2959 4959
684 369 813 439 VITA.
1307 374 1368 443 xix

132 495 210 583 prio,
224 497 418 563 munen'bus
432 511 604 585 corruptus
616 498 791 577 llberdsset,
803 497 845 563 de
858 495 947 562 illius
958 497 1062 563 reditu
1076 496 1175 584 operd
1188 499 1371 567 amicornm.

246 584 359 669 cussit.
416 583 596 650 Resistente
617 583 735 650 trusus
760 583 884 662 Clodio,
912 584 1030 669 placuit
1054 584 1195 662 Senatui,
1225 585 1307 649 nihil
1327 587 1371 653 itt·

203 669 260 735 nb.
272 670 454 746 doeeruere,
468 668 558 734 nulld
571 670 611 735 de
625 693 661 737 re
675 693 779 758 agere,
787 670 847 734 uisi
887 668 949 733 rius
966 670 1081 736 Cicero
1094 668 1136 734 ab
1150 669 1261 735 exsilio
1271 691 1366 736 rero·

130 770 271 820 curetur.
294 754 420 831 Quarto
431 754 507 820 Kal.
518 756 709 822 Novembris
719 771 793 822 octo
803 692 1053 841 Tribuniplebis
1061 754 1103 820 de
1114 754 1368 822 Ciceronisred-

128 839 181 904 itu
194 840 296 927 legero
310 838 579 928 promulgbrunt:
595 843 771 931 iisdemque
781 841 996 920 referentibus,
1011 841 1048 906 P.
1063 840 1230 922 Lentulus,
1241 840 1366 911 Consul

131 923 323 1012 designatus,
338 928 633 1013 praesmutimimanr
649 929 839 995 senteutiam
854 927 895 992 de
911 925 1068 991 Cicerone
1082 925 1175 992 dixit.

405 1098 569 1167 ANNUS
592 1099 736 1167 URBIS
761 1096 991 1165 CONDITAE
1013 1106 1087 1165 666.
1235 1199 1237 1208 Α

170 1233 247 1294 Coss.
263 1233 304 1293 P.
320 1232 454 1295 Cornelio
467 1234 599 1307 Lentulo,
617 1235 777 1306 Quaem
791 1231 907 1325 Metello
922 1234 1041 1316 Nepote,
1051 1244 1117 1295 aare
1133 1232 1276 1295 Christum
1289 1238 1344 1300 56.

550 1315 692 1376 Ciceronis
705 1316 957 1398 quinquagenum.

169 1439 251 1505 Nou
263 1439 355 1526 priris
371 1438 528 1505 Lentulus
542 1463 616 1506 cum
632 1441 768 1507 Metello
783 1420 994 1510 Cons'ulatum
1009 1444 1110 1523 inivit,
1133 1441 1230 1532 qudm
1244 1443 1287 1508 de
1301 1443 1368 1509 ei*

127 1546 245 1591 ceroue
259 1526 442 1590 revocando
463 1526 622 1613 agendum
644 1530 777 1614 putavit.
822 1530 934 1618 ltaque
957 1530 999 1596 de
1019 1529 1104 1595 illius
1128 1530 1233 1595 reditu
1258 1531 1359 1596 Sena-

127 1622 213 1675 tores
227 1603 418 1676 senteuliam
432 1612 536 1698 rogati
552 1626 635 1677 sunt.
681 1614 779 1679 Cotta
799 1612 891 1694 dixit,
907 1616 988 1680 nihil
1004 1618 1078 1702 jure
1099 1631 1205 1681 cotum
1227 1637 1296 1682 mse
1315 1614 1361 1681 de

130 1695 298 1775 Cicerone,
313 1697 396 1761 nihil
410 1718 501 1761 more
515 1699 682 1784 majorum,
705 1698 787 1762 nihil
801 1699 933 1785 legibus,
956 1701 1090 1788 idebque
1104 1701 1173 1788 lege
1193 1722 1260 1765 non
1275 1721 1361 1788 opus

127 1797 250 1848 esseut
264 1796 485 1859 revocaretur3
508 1797 542 1848 at
563 1785 686 1849 censuit
708 1784 788 1848 Pom
814 1785 889 1862 eius,
910 1799 947 1850 ut
969 1786 1103 1852 Senatus
1117 1787 1289 1851 auctoritas
1303 1787 1360 1852 be·

125 1868 249 1932 ueficio
262 1867 375 1952 populi
386 1869 575 1934 firmaretur.
596 1939 600 1946 ,
622 1869 688 1934 Res
702 1807 812 1934 subitd
823 1871 966 1935 conlecta
975 1885 1065 1947 esset,
1075 1871 1135 1935 nisi
1147 1871 1262 1936 Sextus
1270 1870 1362 1936 Atti-

126 1951 193 2018 lius
208 1951 229 2015 ὲ
243 1952 379 2017 lectione
392 1954 508 2031 Clodii,
523 1954 573 2018 cir
586 1953 796 2028 turbulentus,
818 1976 884 2019 non
899 1977 993 2034 ausus
1006 1955 1135 2041 quidem
1149 1955 1357 2036 intercedere,

125 2057 258 2103 noctem
279 2039 338 2103 sibi
359 2040 398 2104 ad
420 2040 660 2130 deliberandum
682 2039 882 2127 postuldsset.
913 2041 987 2119 Sed,
1005 2039 1077 2105 edm
1096 2053 1263 2125 perspecta
1276 2053 1358 2109 esset

126 2123 266 2190 Senutris
288 2125 442 2203 voluntas,
466 2148 562 2191 causa
586 2125 627 2190 ad
655 2148 699 2211 po
721 2125 809 2191 ulum
834 2149 910 2192 mu.
937 2126 1011 2192 Kal.
1043 2126 1119 2191 Feb.
1149 2125 1255 2191 delata
1282 2123 1356 2192 fuit.

125 2209 216 2274 Nihil
231 2232 301 2274 nou
315 2211 448 2276 effecere
463 2210 623 2286 Clodiani,
637 2227 673 2275 ut
705 2213 853 2277 'iceronis
867 2213 1004 2278 reditum
1019 2211 1236 2298 prohiberent.
1280 2212 1357 2300 lpse

126 2296 273 2374 Clodius,
288 2297 428 2381 acceptis
440 2294 462 2359 d
476 2296 572 2362 fratre
592 2298 702 2382 Appio
720 2297 957 2384 gladiatoribus,
980 2321 1060 2385 quos
1074 2299 1108 2362 in
1122 2297 1233 2364 sunere
1248 2297 1357 2365 Marci

124 2383 303 2533 diffidi}
319 2382 1211 2554 tssltttssttt?tlrttll‘lllt‘tlttttblb
1238 2384 1358 2536 cliii

123 2552 208 2619 iuter
221 2553 380 2620 cadavera
394 2569 556 2640 tamquam
579 2554 701 2619 occisus
716 2556 834 2642 jacuit:
858 2554 1084 2619 crudelissimas
1107 2556 1140 2618 in
1162 2554 1231 2619 loro
1251 2555 1358 2621 credet

121 2636 216 2704 tnta
244 2653 329 2704 sunt.
374 2639 469 2717 Milo,
525 2642 563 2704 ui.
584 2661 709 2703 summo
737 2640 843 2704 studio
873 2640 1060 2705 Ciceronem
1089 2639 1354 2725 prosequebatur,

59 2785 63 2792 .
126 2723 284 2790 Clodium
304 2723 344 2790 de
367 2726 398 2792 ri
422 2663 603 2810 postdlavit.
648 2723 765 2789 Verdm
792 2726 825 2789 in
843 2725 1001 2812 judicium
1025 2746 1092 2789 non
1118 2723 1272 2788 adductus
1296 2737 1355 2804 est,

172 2810 204 2874 'a
218 2811 315 2875 creati
330 2811 475 2878 noudum
490 2810 686 2887 Qoaesitores
700 2825 801 2888 erant,
824 2833 882 2896 per
895 2833 975 2896 quos
989 2811 1112 2874 sortitio
1122 2809 1269 2897 judicum
1282 2808 1357 2876 fieri

122 2831 180 2960 ff
250 2910 273 2962 t.
317 2895 522 2975 Quarbcrim
540 2894 754 2960 Milcvideret
763 2896 887 2982 judicio
901 2897 1007 2960 locum
1021 2916 1174 2973 ucuesse,
1190 2917 1232 2961 ne
1245 2897 1356 2962 omnia

121 2981 252 3048 interim
270 2983 403 3083 Clodius
417 2981 627 3069 perturbaret,
650 2982 764 3067 emptis
777 2981 1019 3069 gladiatoribus,
1034 2983 1100 3067 ejus
1114 2981 1237 3046 furores
1252 2993 1285 3046 et
1298 3001 1356 3047 co-

121 3081 218 3133 natus
232 3091 267 3134 re
291 3082 393 3134 resart.

162 3091 354 3241 Anthlitdm
367 3165 472 3219 autem
488 3152 528 3218 dc
545 3152 708 3228 Ciceronis
729 3152 833 3217 reditu
854 3154 1010 3218 sententia
1022 3151 1168 3226 ferretur,
1191 3152 1230 3216 iis
1243 3152 1358 3219 civita·

121 3238 209 3305 tibus
222 3241 343 3326 gratias
363 3239 503 3328 agendas
517 3260 585 3303 esse
601 3239 736 3303 Senatus
751 3239 883 3316 censuit,
906 3260 977 3325 quae
993 3237 1042 3303 M.
1059 3237 1202 3302 Tullium
1225 3259 1355 3325 recepe·

121 3339 218 3390 rant:
241 3324 384 3390 decrerit
398 3326 503 3401 etiarn,
519 3337 567 3403 ut,
582 3324 636 3411 qui
659 3323 838 3409 provincias
853 3346 924 3389 cum
941 3324 1076 3409 imperio
1090 3323 1288 3404 obtinebant,
1303 3347 1355 3390 sc·

120 3407 224 3476 lutem
238 3424 271 3475 et
289 3412 387 3476 vitam
404 3410 568 3476 Ciceronis
590 3408 796 3488 custodirent,
819 3424 859 3475 et.
872 3424 1019 3475 cunctam
1040 3410 1074 3474 in
1100 3409 1225 3474 ltaliam
1250 3409 1353 3476 literae

124 3494 320 3562 Consulares
334 3497 544 3573 mitterentur,
560 3508 606 3573 ut,
622 3496 677 3581 qui
702 3495 782 3560 Rem
810 3495 950 3559 ‚salvam
967 3517 1033 3559 esse
1052 3495 1179 3573 vellent,
1196 3517 1354 3562 convocas

120 3596 246 3660 rentur,
272 3594 308 3646 ut
331 3583 372 3646 de
399 3582 556 3647 Cicerone
577 3591 734 3668 ageretur.
780 3518 862 3645 dum
888 3581 986 3669 igitur
1010 3602 1051 3645 ex
1075 3581 1222 3645 omnibus
1250 3581 1352 3647 It'atia

160 3669 267 3733 rtibus
293 3680 385 3732 tanta
410 3666 592 3743 multitudo,
621 3678 739 3751 quantu
763 3687 937 3752 nunquam,
969 3665 1107 3731 Romam
1136 3666 1351 3747 confluxisset,

118 3688 283 3819 Rutulus
366 3766 454 3818 atum
477 3755 510 3816 in
527 3751 724 3838 Capitolium
737 3754 932 3818 convocavit.
976 3752 1155 3817 Adluerunt
1180 3753 1352 3818 Senatores

119 3840 301 3926 quadringe
324 3841 350 3903 ti
364 3850 396 3904 et
410 3837 553 3925 amplids.
599 3837 643 3914 Q.
660 3836 779 3921 Nepos,
797 3837 918 3902 Consul
933 3837 1025 3916 alter,
1045 3838 1100 3925 qui
1116 3837 1266 3903 Ciceroni
1281 3848 1356 3902 erat*

118 3924 278 4003 inimicus,
294 3937 307 3990 t
381 3922 515 3989 Senatus
529 3924 724 3999 auctoritate,
741 3935 808 3987 tum
821 3922 903 3988 Pub.
916 3923 1040 3989 Servilii
1053 3924 1207 4011 gravitate
1221 3921 1361 3986 dicendi

114 4005 575 4165 ffimaiaiimoiiaffl
588 4008 810 4178 “bi‘ffl
817 4009 858 4158 <³1¹3
875 4009 1021 4179 tlt&
1033 4005 1362 4173 tttttttffllll:

63 4219 66 4222 ’
116 4176 1350 4362 tttirbttttl‘ttllttgtt'ttssaect‘llltt:briddam

115 4358 316 4427 remearunt.
363 4352 500 4421 senatu
522 4351 602 4421 illud
624 4349 806 4417 contutum
830 4373 954 4417 summo
979 4349 1076 4414 totius
1098 4349 1210 4436 populi
1233 4351 1361 4437 plnum

993 4443 1049 4501 οἳ
