2959 4959
142 329 183 389 6⁸
616 331 712 398 PRO
736 332 949 402 RABIRIO.

198 451 280 517 roris
302 452 371 520 filio
392 455 573 546 diligentins
595 459 855 544 respondendum
878 476 935 542 est,
957 486 1051 565 quent
1073 464 1116 531 ab
1141 464 1204 533 boc
1225 478 1370 533 necatum

142 546 185 606 20
198 559 265 602 esse
279 537 398 621 dixisti,
422 543 505 622 edm,
527 542 568 608 ad
582 543 696 631 judicii
719 556 876 628 ‘moram
899 548 1063 616 familiaris
1077 552 1197 618 lunens
1211 552 1370 620 excusatio

197 628 421 710 quaerereturi
464 628 552 707 Quid
568 630 655 694 enim
669 646 718 697 est
732 646 797 700 tarn
814 634 992 714 verisimile,
1015 635 1112 724 quim
1128 640 1282 706 cariorem
1296 639 1371 705 huic

188 714 315 787 sororis
329 717 487 792 maritum,
533 714 608 780 usim
633 718 752 783 sororis
773 720 875 786 filium
890 719 1009 787 fuisse?
1030 736 1126 810 atque
1148 726 1194 790 ita
1208 726 1370 803 cariorem,

187 820 233 874 'ut
249 798 334 872 alter
347 799 412 870 riti
426 740 641 868 crudiiintme
655 804 845 891 privaretur,
868 805 942 872 cdm
965 806 1066 887 alteri,
1093 808 1134 875 ad
1159 811 1371 896 prolationem

191 893 317 982 judicii,
336 891 467 957 biduum
483 888 706 978 quareretur?
750 892 861 959 Ande
884 893 982 959 servis
1001 893 1113 959 alienis
1133 911 1247 962 contra
1270 896 1372 983 legem

141 996 183 1056 25
204 982 330 1048 Fabiam
346 977 485 1055 retentis,
507 989 563 1042 aut
576 975 617 1042 de
631 977 753 1059 civibus
776 978 872 1044 Rom.
886 993 999 1045 contra
1013 979 1115 1068 legem
1139 980 1289 1047 Porciam
1305 1004 1374 1047 ser·

197 1065 313 1131 beratis
337 1077 392 1130 aut
406 1062 535 1140 necatis,
557 1061 652 1149 plura
665 1063 802 1129 dicenda
816 1078 900 1143 sunt,
923 1065 994 1130 cdm
1015 1078 1105 1132 tanto
1119 1067 1226 1131 studio
1241 1068 1280 1133 C.
1308 1068 1375 1133 Ra·

197 1151 296 1215 birius
310 1151 406 1216 totius
416 1147 555 1235 Apuliae,
577 1149 730 1237 singulari
745 1150 910 1216 voluntate
927 1151 1111 1239 Campaniae
1126 1151 1308 1231 vicinitatis,
1320 1176 1376 1217 or·

196 1234 315 1301 netur?
336 1235 483 1323 cientque,
506 1234 548 1301 ad
562 1236 628 1322 ejus
641 1235 892 1322 propulsandum
907 1237 1096 1323 periculum,
1119 1260 1185 1302 non
1199 1237 1299 1302 modb
1314 1238 1376 1304 ho·

196 1321 307 1399 mines,
330 1322 385 1387 sed
405 1319 507 1408 prope
523 1325 668 1408 regiones
682 1323 768 1408 ipsoe,
784 1324 1000 1402 convenerint,
1023 1322 1188 1411 aliquanto
1208 1323 1304 1389 etiam
1328 1325 1376 1389 la·

138 1428 182 1485 30
195 1405 256 1473 tisis
282 1409 437 1486 excitatae,
460 1406 557 1493 quarn
579 1406 676 1493 ipsias
698 1407 867 1473 vicinitatis
884 1430 1002 1474 nomen
1025 1431 1063 1474 ac
1083 1409 1211 1474 tennini
1229 1409 1377 1496 postula·

195 1494 283 1560 bant.
330 1493 504 1581 Numquid
527 1515 587 1580 ego
606 1493 647 1559 ad
662 1493 695 1558 id
717 1492 847 1581 longam
870 1495 1047 1560 orationem
1067 1517 1261 1582 comparem,
1283 1495 1375 1581 quod

195 1595 243 1646 est
265 1581 298 1644 in
313 1579 421 1646 eisdem
445 1577 554 1644 multae
576 1578 773 1666 irrogatione
795 1581 1016 1667 perscriptum,
1038 1580 1126 1646 bunc
1148 1603 1207 1646 nec
1232 1602 1299 1645 succ
1312 1602 1376 1646 nec

195 1666 308 1731 alienae
322 1666 483 1752 pudicitiae
505 1664 707 1753 pepercisse?
729 1665 916 1742 Quinetiam
936 1667 1089 1753 suspicor,
1112 1665 1152 1732 eb
1176 1665 1255 1732 mibi
1280 1666 1376 1731 semi·

196 1752 346 1818 horama
369 1753 514 1818 Labieno
536 1753 746 1837 praestitutam
769 1775 846 1831 esse,
868 1765 906 1818 ut
925 1775 967 1818 ne
981 1754 1074 1839 plura
1093 1752 1134 1817 de
1148 1751 1305 1839 pudicitia
1324 1753 1375 1817 di·

140 1861 183 1920 35
196 1861 314 1908 cerem.
360 1839 450 1928 Ergo
471 1838 512 1904 ad
531 1838 601 1903 baec
622 1839 767 1916 crimina,
789 1861 860 1926 quoe
881 1840 1010 1926 patroni
1032 1838 1230 1926 diligentiam
1249 1837 1376 1904 deside·

197 1940 281 2006 rant,
304 1926 453 2013 intelligia
476 1923 556 1989 mihi
579 1924 770 1989 semihoram
787 1924 878 1990 istam
897 1923 1031 1989 nimidas
1055 1924 1185 2012 longam
1200 1924 1312 1989 fuisse:
1336 1924 1375 1989 il·

195 2012 261 2078 lam
276 2013 406 2079 alteram
422 2023 555 2098 partem,
579 2008 620 2074 de
634 2032 712 2075 nece
735 2010 910 2086 Saturnini,
933 2010 1029 2074 nimis
1043 2011 1192 2098 exiguam
1207 2024 1303 2096 atque
1317 2032 1376 2075 an·

195 2113 321 2185 gustam
344 2120 411 2162 csse
428 2095 575 2170 voluisti3
598 2094 759 2180 quae'non
782 2094 935 2158 orationis
957 2095 1131 2182 ingenium,
1154 2094 1211 2158 sed
1234 2096 1376 2161 consulis

197 2184 364 2258 auxilium,
396 2182 439 2244 im
464 2180 545 2242 lorat
566 2193 599 2243 et
623 2179 754 2266 flagitat.
801 2178 895 2256 Nam,
920 2177 962 2244 de
985 2178 1213 2266 perduellionis
1236 2180 1375 2265 judicio,

141 2291 183 2347 40
197 2267 283 2352 quod
300 2264 385 2330 bme
406 2202 564 2329 sublatum
579 2286 646 2328 esse
659 2264 822 2329 criminari
845 2263 937 2341 soles,
959 2286 1067 2330 meum
1080 2264 1202 2330 crimen
1224 2278 1282 2343 est,
1306 2287 1377 2333 non

109 2368 113 2374 ’
199 2344 334 2417 Rabirii.
380 2349 480 2427 Quod
496 2350 628 2427 utinam,
653 2349 809 2427 Quirites,
832 2371 893 2438 ego
906 2350 940 2415 id
964 2364 1020 2417 aut
1040 2350 1174 2437 primus,
1195 2365 1252 2415 aut
1275 2351 1373 2429 solus,

196 2459 238 2503 cx
256 2435 318 2503 hic
342 2436 469 2524 Repub.
493 2434 704 2503 sustulissem!
729 2437 862 2516 utinam,
885 2436 973 2523 qnod
992 2436 1048 2503 ilie
1069 2432 1192 2503 crimen
1212 2458 1280 2506 esse
1294 2438 1373 2515 vult,

673 2637 686 2665 ⁶
689 2624 886 2709 prolationem

230 2872 271 2918 20.
282 2866 410 2916 Familias-is
408 2867 522 2933 fieretis]
539 2866 666 2933 Ulpianus,
674 2868 768 2933 Digest.
834 2866 871 2915 Ib.
890 2866 1036 2932 Campam]
1069 2864 1181 2915 Rabirius
1195 2864 1375 2915 lnadoeltabuit

197 2933 770 2998 lib.2.aitnonlicuisseinjuseumvocari,qui
801 2932 826 2978 in
844 2932 985 2995 Campani,
1008 2941 1034 2980 et
1050 2933 1145 2980 domurn
1164 2930 1278 2994 Neapoli,
1302 2942 1329 2979 ut
1345 2948 1373 2981 ea

197 2998 384 3055 transduceret,
401 2998 514 3064 autjurta
522 2997 719 3048 morttriaiarerct.
802 2996 849 3059 Ep.
865 2998 896 3044 ad
913 2995 987 3045 Attio.
1004 3003 1077 3059 patet
1112 2995 1165 3045 Illic
1180 2995 1252 3044 etiarn
1268 2997 1373 3046 homines

231 3066 271 3112 24.
289 3061 369 3129 Iegem
386 3062 499 3128 Fabiam]
532 3062 585 3111 Hic
600 3062 652 3127 lege
668 3064 769 3111 careba-
800 3062 885 3109 liberos
898 3061 1030 3110 rerberitsse
1046 3070 1072 3109 et
1087 3061 1202 3110 occidisse
1213 3060 1258 3125 ipsi
1275 3062 1374 3126 otheie·

198 3128 770 3257 iil,liiir'bi‘s‘iiil‘ib'iii'liii'it”iil
801 3128 875 3240 capp
892 3189 972 3239 noca
982 3191 1136 3256 saugosae]
1163 3190 1374 3253 maganerum

196 3266 250 3306 tant
259 3258 332 3323 aliqui
350 3257 478 3326 legendnm
496 3256 636 3321 esselegem
647 3257 770 3321 Elatiam
801 3255 826 3303 in
843 3256 945 3321 aliquem
966 3256 1021 3304 tata.
1055 3255 1131 3303 Multa
1151 3253 1220 3319 porrd
1238 3255 1254 3303 d
1274 3256 1372 3322 Margo,

197 3320 506 3386 cimilladeplagioagat:
523 3323 543 3371 is
551 3331 630 3370 autem
639 3322 679 3386 qui
690 3339 769 3372 servm
800 3323 914 3379 merlotum,
932 3322 996 3369 dicta
1014 3328 1059 3377 est,
1077 3319 1142 3385 qudd
1159 3319 1273 3382 mulgeat,
1290 3322 1316 3370 id
1330 3330 1373 3377 cst,

197 3385 288 3434 alienos
303 3386 422 3463 pollicitat,
438 3387 530 3443 rendit,
545 3387 611 3443 emit,
627 3395 668 3436 aut
684 3386 769 3437 llberos
800 3386 934 3435 cabanriat.
958 3386 982 3433 in
1000 3386 1031 3434 eit
1048 3392 1132 3462 autern.
1145 3386 1196 3434 baec
1215 3384 1373 3462 observaban-

197 3452 582 3581 P‘tt?‘'12?nt'·t¹ttttfl⁰ltt
597 3517 634 3565 m
652 3517 667 3565 s
685 3515 770 3565 rins
800 3449 1374 3581 {tintn'ftffligitsttzltil}

196 3579 290 3629 Catone
316 3580 370 3627 trib.
395 3581 460 3644 pleb.
487 3582 535 3630 lata
555 3591 599 3639 est,
626 3582 723 3630 Valerio
745 3590 770 3630 et
800 3582 866 3630 ccrtil
887 3583 999 3630 bonomm
1018 3588 1085 3646 parte
1102 3580 1253 3639 multaretur3
1270 3582 1321 3630 lttac
1343 3581 1373 3628 ir-

199 3643 302 3709 Apnleio
313 3644 380 3694 Coss.
390 3662 453 3694 anno
462 3646 533 3695 Urbis
540 3647 642 3695 conditae
653 3646 769 3696 CDLIV.
800 3646 892 3710 rogatio
903 3663 946 3712 per
955 3647 1114 3696 &nundinum
1126 3646 1225 3694 durabat
1235 3662 1241 3705 ς
1258 3654 1308 3694 turn
1319 3661 1372 3695 reus

198 3726 229 3759 nc
250 3709 304 3773 quis
331 3710 478 3776 trragistratus
502 3712 579 3760 civem
603 3711 675 3761 Rom.
696 3712 768 3776 virgis
799 3713 959 3762 accusabatur.

197 3775 300 3824 mederet
316 3786 455 3834 necnretve3
473 3778 514 3825 sed
532 3778 645 3825 damnato
661 3778 768 3826 exsilium
833 3781 873 3826 39.
892 3777 951 3827 Nem
972 3779 999 3826 de
1015 3778 1170 3841 perduellionis
1181 3777 1292 3840 judicio]
1324 3773 1372 3825 Hic

196 3840 371 3918 permitteretur
382 3856 390 3899 ;
403 3839 457 3890 crim
469 3843 539 3891 antei
554 3844 671 3890 nudorum
689 3843 768 3892 cervix
796 3841 877 3919 'rejicit
895 3845 1003 3919 quadarn
1022 3842 1119 3893 crimina
1137 3858 1191 3907 quae
1208 3842 1233 3889 iu
1251 3857 1307 3890 earn
1327 3839 1372 3892 h·

198 3913 337 3956 insereretur
352 3905 432 3962 furca,
448 3922 534 3973 corpus
551 3908 621 3972 virgis
638 3908 669 3955 ad
686 3924 769 3957 necem
800 3908 885 3957 bream
902 3915 1001 3973 jecerat,
1023 3909 1132 3972 primum,
1155 3905 1220 3971 qudd
1238 3908 1300 3955 sumi
1316 3921 1370 3971 sup·

197 3974 334 4022 raderetur.
818 3972 897 4023 licium
914 3975 946 4023 dc
980 3973 1131 4023 erducliionis
1145 3972 1308 4021 condemnatis
1319 3985 1371 4034 pru·

231 4034 480 4100 27.Totinr1lpaliae.]
513 4036 679 4086 Credibileest
694 4036 769 4086 etA-
799 3988 923 4088 bibueratr
951 3990 1058 4099 aiterum,
1086 4038 1226 4088 Ciceronem
1252 4035 1369 4085 crudelem

198 4100 492 4164 periermeniarum,
508 4109 550 4150 aut
565 4103 631 4151 inei
649 4103 770 4167 magistra·
800 4119 862 4162 crac,
877 4120 954 4168 neque
966 4103 1155 4168 larerepopulo:
1173 4098 1370 4167 perduellearerti
1437 4152 1438 4159 χ

198 4174 248 4214 turn
266 4170 372 4232 gessisse.
405 4166 542 4215 veniebant
552 4168 615 4215 enim
633 4181 663 4215 ex
674 4168 770 4231 prom'n·
801 4169 947 4227 dioebantur,
963 4169 1075 4234 quinuac
1090 4169 1196 4219 nonest
1211 4163 1371 4231 nobisappel·

198 4231 242 4277 ciis
261 4233 300 4281 vel
317 4233 411 4282 urbibus
431 4231 512 4296 legati,
528 4233 570 4298 qui
588 4248 653 4281 reum
673 4233 770 4295 publicu
799 4232 884 4284 laumr.
1436 4192 1438 4251 i

191 4295 306 4422 fufitii
320 4297 519 4356 commendarent,
532 4297 587 4348 edm
600 4297 771 4364 periclitaretur

199 4374 224 4407 ra
243 4374 258 4407 n
277 4376 331 4410 trio.
