2959 4959
735 322 800 384 492

519 619 571 687 M.
593 616 761 687 TULLII
783 617 1045 689 CICERONIS

559 930 566 943 .
601 837 945 953 LAELIUS‚

740 1128 813 1174 stru

287 1444 295 1455 ἱ
429 1330 507 1414 uu
535 1333 802 1416 aurorum
828 1306 1167 1416 elisaeus

273 1809 277 1817 '
412 1832 457 1877 sn
479 1831 510 1876 r.
531 1828 740 1875 eourouruu
762 1827 916 1873 armenas
938 1827 1127 1873 ruarmo.

242 1980 272 2055 I.
294 1980 507 2067 QUlNrUs
530 1978 718 2049 MUCIUS
739 2004 780 2046 au
803 2002 842 2046 ur
862 1979 963 2045 mults
983 2001 1114 2045 narrare
1135 1979 1178 2046 de
1202 1981 1239 2046 C.
1253 1978 1371 2059 latio,

193 2098 311 2143 socero
324 2098 393 2153 suo,
408 2069 591 2138 memoriter
605 2082 637 2134 et
653 2004 803 2155 jucundi

193 2162 289 2228 omni
303 2179 449 2225 sermone
461 2152 621 2241 appellare
635 2153 819 2237 eapientem.
863 2151 936 2239 Ego
950 2166 1056 2216 autent
1077 2148 1098 2215 d
1112 2165 1204 2237 patre
1218 2154 1265 2217 ita
1283 2173 1375 2217 eram

201 2247 356 2311 deductus
378 2241 419 2305 ad
443 2238 630 2316 Scaevolam,
656 2236 785 2323 sumpti
813 2237 897 2301 virili
923 2236 1010 2326 togis,
1034 2250 1080 2316 ut,
1112 2236 1215 2322 quoad
1237 2258 1371 2320 possent
1470 2294 1471 2343 1

193 2342 232 2395 et
245 2329 363 2403 liceret,
380 2325 401 2388 d
421 2323 503 2388 senis
523 2322 622 2386 latere
642 2342 806 2408 nunquam
827 2321 1034 2387 discederem.
1077 2321 1183 2408 Itaque
1200 2321 1300 2385 multa
1322 2320 1372 2385 ab

192 2437 238 2481 eo
257 2411 431 2498 prudenter
451 2406 621 2491 disputata,
644 2405 747 2471 inulta
770 2406 866 2471 etiam
891 2407 1030 2472 breviter
1052 2421 1085 2473 et
1109 2405 1275 2473 commode
1298 2405 1373 2472 dic·

193 2510 242 2576 ta,
284 2494 449 2561 memoriae
491 2490 700 2570 mandabam
744 2492 879 2580 flerique
913 2492 1079 2559 studebam
1108 2494 1175 2580 ejus
1201 2491 1379 2581 prudentii

198 2583 335 2650 doctior.
379 2579 456 2659 Quo
488 2590 625 2658 mortuo,
658 2601 710 2644 me
740 2577 784 2651 sd
813 2579 996 2664 pontificem
1031 2578 1209 2645 S'caevoiam
1240 2578 1375 2657 contuli,

193 2693 297 2760 quem
317 2682 418 2737 uuum
450 2679 568 2733 nostrae
593 2665 727 2731 civitatis
748 2678 780 2730 et
801 2664 833 2729 in
857 2664 929 2730 euio
950 2677 982 2729 et
997 2664 1122 2751 justitib
1150 2665 1377 2751 praestautissi·

198 2779 291 2825 mum
312 2756 414 2827 audeo
434 2753 549 2821 dicere.
594 2749 659 2818 Sed
679 2749 721 2816 de
741 2751 804 2816 hoc
824 2689 922 2829 dirim
961 2771 1048 2816 nunc
1082 2750 1181 2816 redeo
1212 2751 1255 2816 ad
1276 2772 1377 2838 augu-

200 2865 281 2909 rem.
325 2841 408 2908 cum
429 2863 514 2924 saepe
534 2838 645 2917 multa,
669 2850 737 2904 tum
769 2837 909 2915 memini,
938 2835 1027 2901 domi
1056 2836 1092 2901 in
1112 2835 1307 2924 hemicyclio
1328 2861 1376 2903 se·

196 2927 341 3003 dentem,
361 2940 399 2991 ut
419 2924 550 3004 solebat,
573 2923 644 2990 edm
664 2937 697 2988 et
721 2947 782 3010 ego
805 2945 905 2988 essem
925 2919 1002 3000 und,
1023 2934 1056 2986 et
1080 2924 1175 3008 pauci
1198 2922 1378 2988 admotium

196 3010 380 3090 familiares,
403 3010 437 3076 in
459 3033 532 3075 eum
553 3031 731 3075 sermonem
746 3009 835 3074 illmn
854 3007 1003 3085 incidere,
1025 3009 1166 3095 quitum
1188 3007 1255 3074 fere
1269 3007 1378 3074 omui-

201 3094 263 3162 bus
292 3096 418 3162 eratin
446 3119 520 3163 ore:
544 3095 714 3161 meministi
736 3095 833 3173 enim,
852 3096 970 3173 Attice,
985 3106 1016 3159 et
1030 3093 1195 3184 eomegis,
1262 3092 1305 3157 od
1329 3092 1386 3158 P„

204 3182 350 3270 Sulpicio
364 3183 496 3249 utebare
511 3179 657 3259 muitdm,
679 3179 764 3267 (cbm
779 3182 816 3258 is,
831 3179 1102 3266 tribunusplebis,
1117 3181 1186 3267 capi
1232 3203 1243 3243 ι
1256 3178 1335 3244 odio
1351 3175 1376 3242 ὲ

203 3266 250 3347 Q.
274 3270 438 3356 Pompeio,
461 3267 605 3356 quitum
627 3266 838 3346 eratconeul,
862 3265 1035 3345 dissideret,
1063 3288 1200 3352 quocum
1221 3266 1382 3352 conjunc·

197 3353 327 3421 tissime
341 3369 373 3421 et
387 3349 599 3421 amantissime
614 3352 751 3433 vixerat)
773 3365 891 3440 quanta
912 3351 1078 3417 hominurn
1101 3366 1183 3418 esset
1203 3352 1255 3417 vel
1276 3350 1380 3417 admi·

202 3440 296 3518 ratio,
312 3440 361 3506 vel
376 3439 512 3528 querela.
556 3438 669 3526 Itaque
682 3451 752 3504 tum
769 3439 922 3514 Scmvols,
942 3436 1014 3503 edm
1028 3439 1064 3504 iu
1078 3460 1149 3503 eam
1170 3438 1274 3525 ipsam
1288 3458 1379 3502 meu·

200 3523 324 3588 tionem
352 3524 524 3604 incidisset,
554 3526 701 3612 exposuit
721 3524 814 3591 uobis
838 3546 1017 3590 sermonem
1040 3523 1134 3588 Lmlii
1159 3523 1201 3589 de
1222 3521 1376 3599 amicitid,

125 3688 134 3707 ι
200 3605 347 3674 habitum
362 3610 474 3675 abillo
488 3633 605 3690 secum
627 3624 755 3677 etcum
775 3610 876 3677 altero
899 3632 1030 3710 genero,
1047 3609 1087 3674 C.
1114 3609 1247 3683 Fannio,
1266 3604 1379 3671 Marci

202 3693 284 3773 filio,
305 3693 415 3778 paucis
435 3694 547 3760 diebus
576 3709 650 3782 post
679 3709 815 3763 mortem
845 3693 1003 3761 Africani.
1047 3694 1127 3782 Ejus
1153 3691 1380 3779 disputationis

202 3779 376 3849 sententias
389 3780 553 3844 memorioe
571 3781 730 3861 mandavi,
753 3804 831 3870 quas
851 3779 914 3846 hoe
935 3780 1019 3847 libro
1040 3781 1170 3869 exposui
1191 3798 1266 3843 meo
1289 3777 1380 3843 arbi·

202 3880 308 3947 tratn3
339 3864 429 3954 quasi
458 3860 543 3929 enisis
574 3865 659 3950 ipsos
683 3868 798 3933 induxi
822 3865 997 3954 loquentes,
1030 3890 1072 3933 ne
1093 3868 1233 3955 Inqaont,
1266 3877 1302 3930 et
1326 3864 1380 3929 In·

202 3950 782 4107 iiimwdsuiiniffliiiiiiiu?
819 3966 1105 4107 ugpsenfflam
1119 3949 1380 4121 iffi&

204 4142 244 4193 ut
261 4128 303 4193 de
327 4123 469 4195 amicitiis
492 4123 661 4192 scriberem
683 4122 816 4211 aliquid,
842 4124 942 4228 digna
963 4062 1116 4192 esibili-ees
1141 4125 1213 4192 edm
1234 4119 1383 4187 omnim

202 4214 398 4298 cognitione,
412 4226 482 4280 tum
494 4208 606 4279 nosub
619 4209 842 4292 familiaritate,
858 4234 925 4278 visa
938 4222 994 4277 est.
1039 4210 1154 4300 Itaque
1166 4211 1226 4277 feei
1238 4229 1307 4274 non
1328 4205 1381 4271 in·

203 4294 297 4377 vitus,
320 4311 357 4367 ut
377 4298 560 4388 prodessem
581 4295 688 4364 multis
713 4309 770 4365 tuo
783 4308 908 4386 rogatu.
953 4296 1030 4378 Sed,
1051 4308 1089 4364 ut
1113 4297 1149 4364 in
1173 4299 1288 4365 Catone
1303 4293 1381 4361 Ma·

818 2065 957 2143 solebat3
978 2088 1038 2130 nec
1059 2065 1210 2132 dubitare
1224 2067 1315 2132 ilium
1336 2068 1371 2131 iu
1470 2118 1471 2129 ,
