2959 4959
555 335 652 407 Pto
675 338 889 408 RABIRIO.
989 344 991 349 ’
1336 348 1378 411 ts

143 482 247 535 restro
257 466 405 535 clamore
417 464 637 553 perturbatmu
651 466 693 532 iri
706 467 925 534 arbitraretur.
949 468 1154 556 Quantojam
1164 471 1265 536 levior
1275 485 1322 537 est
1337 477 1377 536 10

140 552 354 622 acclamatio!
379 551 460 640 quin
475 553 644 621 continetis
656 576 779 628 rocem,
794 554 932 619 indicem
950 554 1092 620 stultitiae
1117 568 1238 633 vestrae,
1261 570 1323 622 tes·

139 658 205 708 tem
220 636 421 729 paucitatis?
444 637 608 718 Libenter,
624 640 766 727 iuquam,
783 641 966 720 confiterer,
986 641 1013 706 si
1029 637 1102 707 uere
1117 665 1252 727 pomam,
1268 656 1324 708 aut

140 729 241 795 etiam
257 725 378 792 simihi
392 738 475 790 esset
488 725 659 813 integrum,
674 726 712 791 C.
729 726 855 792 Rabirii
869 748 965 792 manu
982 727 1022 793 L.
1035 729 1241 795 Saturninum
1256 751 1324 794 esse

124 815 306 889 -oocisum3
325 811 405 877 etid
417 810 800 898 faciaurpulcberrimum
812 813 1076 879 essearbitrarer:
1093 812 1157 892 sed,
1172 815 1322 902 quoniam

145 901 184 964 id
199 900 299 964 iaoere
309 920 377 964 uon
390 919 532 984 possum
547 897 725 964 confitebor
736 897 781 976 id,
793 898 880 985 quod
892 898 934 964 ad
945 898 1072 964 laudem
1082 899 1186 964 minda
1195 900 1321 979 valebit,
1338 909 1376 967 ta

150 986 193 1051 ad
207 986 323 1052 crimen
337 1006 406 1049 non
421 983 537 1049 minda.
572 984 748 1062 Confiteor,
759 984 969 1050 interficiendi
982 986 1147 1052 Saturnini
1161 984 1268 1064 causb
1284 988 1323 1052 C.

155 1071 317 1138 Rabirium
327 1092 421 1135 mma
429 1069 559 1156 cepisse.
581 1069 673 1147 Quid
682 1082 743 1149 est,
755 1068 921 1136 Labiene?
942 1094 1036 1159 qaam
1049 1070 1070 1135 it
1081 1095 1132 1137 me
1166 1073 1322 1138 rariorem

153 1157 390 1231 mnfessionem,
404 1171 460 1221 aut
470 1155 557 1243 quod
569 1155 602 1221 iu
614 1156 701 1221 huuc
716 1158 817 1243 majus
828 1158 958 1236 crimen,
969 1172 1133 1244 exspectas
1141 1096 1231 1223 inici
1244 1157 1322 1224 verb

153 1243 297 1309 interesse
312 1242 435 1330 aliquid
449 1256 543 1327 putas
553 1241 637 1307 inter
653 1265 725 1307 eum
741 1242 797 1329 qui
812 1242 974 1308 hominem
990 1243 1117 1322 occidit,
1132 1256 1165 1309 ct
1177 1268 1250 1310 eum
1265 1246 1322 1333 qui

150 1353 216 1394 cum
226 1329 306 1407 telo,
318 1326 489 1394 occidendi
500 1328 753 1415 hominiacausri,
764 1328 833 1394 fuit.
847 1330 882 1396 Si
897 1330 1034 1395 interfici
1047 1330 1255 1397 Saturninum
1265 1355 1319 1397 ue·
1335 1340 1377 1399 90

145 1414 190 1480 fas
202 1416 275 1493 fuir,
298 1435 391 1480 arma
413 1426 541 1500 sumpta
565 1437 632 1480 esse
654 1427 767 1481 contra
790 1417 997 1482 Saturninum
1022 1414 1091 1482 sine
1111 1416 1227 1492 scelere
1255 1441 1322 1485 nou

144 1514 297 1587 possam:
313 1502 340 1564 si
353 1523 446 1566 arma
453 1500 528 1588 jure
542 1514 667 1588 sumpta
680 1500 840 1580 concedis,
854 1500 1055 1569 interfectum
1064 1505 1140 1590 jure
1154 1505 1322 1585 concedas,

144 1609 276 1653 necesse
289 1601 347 1651 eti·
674 1616 677 1621 ·

467 1720 596 1781 Porinda
610 1722 739 1802 maedam
753 1720 847 1782 deesse
860 1721 1000 1783 uidentur.

189 1880 234 1944 V.
258 1880 315 1943 Fit
330 1878 400 1943 S.C.
420 1892 457 1943 ut
477 1878 517 1944 C.
545 1877 681 1954 Marius,
707 1878 747 1944 L.
770 1877 927 1956 Valerius,
954 1876 1110 1955 consules,
1135 1879 1324 1951 adhiberent

150 1965 408 2050 tribunusplebis
423 1978 634 2051 etpraetores,
661 1974 765 2051 “quos
787 1966 832 2029 eis
855 1965 1035 2041 videretur3
1058 1985 1253 2052 operamque
1266 1966 1324 2030 da·

149 2068 232 2130 rent,
258 2066 291 2116 ut
306 2051 472 2137 imperium
486 2050 598 2138 populi
616 2051 711 2116 Rom.
727 2052 935 2138 majestasque
949 2065 1208 2115 conservaretur:
1231 2050 1325 2115 adbi-

148 2138 225 2204 bent
246 2161 357 2202 omnes
378 2136 525 2203 tribunos
546 2136 649 2224 plebis
674 2151 792 2223 praeter
817 2138 1035 2215 Saturninum,
1061 2150 1214 2223 praetores
1239 2160 1322 2225 prae·

144 2240 195 2290 ter
210 2225 399 2291 Glauciam:
422 2223 477 2310 qui
492 2222 720 2309 rempublicam
736 2222 854 2289 salvam
870 2246 936 2289 esse
949 2221 1077 2302 vellent,
1093 2245 1182 2289 arma
1195 2247 1320 2326 capere,

146 2325 178 2376 et
191 2335 226 2376 se
240 2310 340 2398 sequi,
351 2310 479 2397 jubent.
512 2308 632 2375 Parent
643 2330 771 2375 omues:
795 2333 835 2375 ex
850 2310 993 2375 oedificiia
1007 2313 1322 2400 armamentariisque
1356 2296 1377 2349 ⁵

145 2396 281 2483 publicis
310 2419 404 2461 arma
422 2394 544 2482 populo
567 2395 727 2474 Romano,
754 2395 793 2460 C.
819 2395 927 2461 Mario
948 2396 1078 2461 consule
1099 2397 1320 2477 distribuente,

146 2483 275 2549 dantur·
321 2480 389 2548 Hic
398 2482 478 2567 jam,
492 2494 527 2547 ut
540 2481 685 2546 omittam
699 2488 824 2561 caetera,
837 2482 878 2547 de
888 2496 920 2547 te
935 2483 1013 2568 ipso,
1029 2482 1178 2561 Labiene,
1216 2504 1322 2548 uaero:

128 2560 427 2637 'clmSaturninus
440 2566 636 2655 Capitolium
646 2581 768 2633 teneret
781 2583 931 2645 armatus,
946 2580 1028 2633 essct
1040 2566 1106 2633 und
1119 2570 1157 2634 C.
1173 2508 1321 2647 (ilaucia,

146 2656 187 2721 C.
204 2655 360 2732 Saufeius,
376 2654 473 2719 etiam
492 2652 547 2718 ille
560 2675 600 2718 ex
615 2653 824 2740 compedibus
849 2669 944 2741 atque
957 2652 1117 2740 ergastulo
1143 2654 1320 2730 Gracchus,

149 2741 286 2828 (addam,
304 2741 457 2828 quoniam
472 2739 585 2819 itania,
603 2737 741 2805 beisdem
753 2738 795 2816 Q.
811 2739 983 2803 Labienum
1000 2752 1148 2824 patruum
1168 2739 1271 2818 tuum)
1289 2741 1322 2802 in
1337 2725 1377 2783 ¹⁰

435 2924 734 3009 'quaspluccretribi
854 2928 857 2935 “
894 2922 959 2982 l’ud
968 2922 1028 2983 hos.

179 3115 217 3159 12.
235 3109 469 3172 Libenter-‚irrqu
503 3105 719 3156 Acclamationeet
750 3104 796 3153 suit
814 3111 840 3152 et
858 3103 999 3160 levissimus,
1016 3104 1107 3168 dequo
1122 3104 1216 3158 OEccro,
1237 3104 1277 3151 lib.
1296 3107 1321 3152 3.

145 3175 360 3224 admurmuratione
378 3172 470 3230 sedatb,
486 3173 648 3237 repetitsuam
664 3187 718 3236 pro·
751 3169 1044 3249 DeOrature,·loquitur;
1060 3177 1165 3232 etquenr
1176 3178 1224 3216 tum
1236 3176 1321 3231 prato·

147 3250 390 3353 Piiinii'uuum
409 3303 482 3351 aaa
501 3294 601 3366 aaut]
653 3298 718 3348 unm
750 3235 1036 3364 '‘ifiioemiiliiiuii
1048 3233 1269 3348 itlii'iim...
1285 3298 1320 3347 10-

151 3369 225 3418 minor
240 3369 333 3418 Rabirii
349 3368 401 3417 laus
415 3376 460 3426 cat,
475 3369 540 3433 quiid
551 3382 616 3416 arms
627 3365 720 3428 ceperit
751 3380 793 3414 cus
805 3373 849 3423 est,
861 3366 901 3414 nbi
912 3368 992 3415 amaia
1001 3381 1115 3414 armorum
1128 3378 1228 3429 genem
1245 3379 1320 3413 mnu·

151 3435 267 3483 saumtnt
278 3432 404 3483 occidendi
419 3434 500 3492 causi,
516 3433 588 3499 quarn
605 3430 718 3481 luissetsi
750 3430 809 3478 rium
821 3430 884 3489 verb,
895 3431 935 3479 ubi
945 3430 996 3479 libri
1007 3438 1158 3493 reponuntur.

150 3516 204 3548 eum
214 3501 348 3550 ooddisaet.
784 3500 807 3544 8.
826 3494 861 3544 Dr
877 3506 905 3552 te.
920 3494 1035 3560 labina]
1069 3495 1182 3546 Ostendit
1193 3494 1332 3544 Rabirium>

181 3570 221 3615 22.
240 3563 514 3628 communicauerunt]
547 3562 720 3613 Desidcnntur
752 3576 816 3609 arma
840 3562 949 3609 debuisse
966 3578 1066 3617 sumere,
1087 3578 1135 3609 nun
1156 3561 1219 3609 domi
1238 3562 1319 3616 latere,

147 3629 186 3680 hic
204 3633 285 3680 omnia
304 3646 357 3695 quae
374 3631 405 3678 de
425 3628 542 3677 seditione
556 3626 685 3681 Saturnini,
695 3633 722 3674 et
752 3641 799 3673 non
820 3642 873 3674 cunr
890 3627 1015 3676 Salamine
1027 3627 1171 3691 Capitolium
1188 3641 1320 3690 occupare:

148 3699 248 3746 tumultu
258 3695 344 3761 pupuli
355 3696 387 3744 ad
402 3710 457 3744 esur
464 3694 645 3758 reprimeudsnr,
656 3693 720 3741 dicta
752 3707 816 3803 nim'
836 3691 886 3739 furo
904 3692 995 3756 pulsus,
1011 3693 1070 3741 illud
1090 3693 1228 3741 Saturninus
1248 3706 1319 3740 occu·

149 3770 208 3809 suat.
786 3765 828 3804 rat.

182 3832 203 3878 1.
221 3827 259 3875 Fit
268 3827 336 3891 SC]
372 3825 491 3889 loquitur
507 3823 539 3873 de
557 3823 719 3872 seuatbs-eon·
752 3771 825 3870 p10.
843 3820 1004 3887 C.Sunseiar.]
1037 3821 1062 3869 1.
1073 3838 1125 3872 esse
1134 3822 1226 3870 ridetur
1235 3819 1319 3869 Saule-

151 3891 218 3948 culta.
235 3909 283 3956 quo
302 3893 387 3955 probat
400 3905 465 3938 arma
476 3887 532 3952 jure
549 3896 644 3953 sumpta
657 3903 718 3937 esse.
750 3888 795 3943 ius,
806 3903 876 3951 quem
889 3887 917 3936 C.
931 3887 1050 3935 Salliuium
1062 3887 1169 3953 appellat
1184 3886 1327 3950 Appiana„

150 3954 210 4004 Illud
233 3967 314 4005 autern
341 3952 580 4005 merda-consultum
607 3953 661 4009 tuit,
691 3960 719 4000 ut
751 3952 792 3999 lib.
805 3958 829 4000 1.
859 3952 939 3999 uitam
948 3968 1030 4001 censor
1039 3953 1085 4000 luit

148 4023 256 4071 consules
264 4024 381 4078 riderent,
391 4037 422 4071 aa
434 4019 492 4085 quid
503 4017 638 4067 detrimenti
645 4033 717 4081 capc-
783 4017 820 4066 lb.
840 3969 978 4093 {gattula}
1012 4016 1233 4089 Ergmtulumlocus
1240 4017 1318 4072 esth

148 4097 185 4134 ret
194 4087 305 4152 Respub.
749 4097 797 4147 quo
808 4083 881 4132 vincti
892 4082 1015 4146 nequiores
1023 4083 1085 4129 serui
1095 4096 1155 4142 opus
1165 4080 1262 4127 iaciunt.

179 4156 204 4201 Ξ.
220 4153 327 4201 littura
345 4152 432 4216 plebia]
470 4150 563 4200 Decem
582 4157 631 4199 tum
650 4155 717 4198 arant
783 4147 820 4195 lb.
849 4146 984 4211 Gracchum]
1028 4146 1138 4210 Equitius
1164 4144 1261 4207 quidam
1293 4161 1319 4195 se

150 4217 332 4281 attemptata.
651 4238 653 4249 ·
750 4212 852 4262 Gracchi
873 4213 947 4261 tilium
975 4212 1050 4268 finxit,
1078 4216 1104 4255 ut
1133 4208 1176 4255 sibi
1205 4210 1320 4275 populum

179 4285 205 4332 ⁵.
221 4282 363 4347 Glauciam]
402 4281 503 4332 Glaucia
519 4280 665 4347 torpuimus
681 4278 718 4327 rir
750 4278 917 4337 demereretur,
940 4278 1004 4341 apud
1034 4288 1104 4339 quem
1131 4273 1227 4325 valebat
1246 4277 1326 4342 plau'v
