2959 4959
157 337 224 427 's'n
636 354 918 426 rnrnraarca
940 354 987 423 11.
1089 359 1091 362 ·

217 483 390 575 prebendis
421 482 685 572 supplicationem
705 484 849 551 decrevit
862 487 968 552 verbis
987 483 1206 573 amplissimis:
1226 483 1314 571 eique
1328 481 1390 563 illi,

218 595 300 661 quos
325 531 425 636 modb
452 570 624 649 nominavi,
655 570 847 658 consulares,
875 586 1069 661 senatusque
1094 582 1224 637 cunctus
1247 590 1389 634 assensus

163 663 286 737 to'est3
307 658 363 746 qui
378 656 489 735 bonos,
504 671 576 742 post
589 656 753 722 conditam
765 656 848 721 hanc
859 658 982 737 urbem,
997 658 1128 726 habitus
1139 670 1186 723 est
1196 669 1300 744 togato
1311 667 1390 719 ante

217 767 271 811 me
294 743 425 810 nemini.
472 737 510 807 L.
529 742 646 820 Caesar,
668 743 844 808 avunculus
864 754 947 821 tuus,
971 744 1037 831 quir
1052 743 1207 822 oratione,
1230 740 1294 829 qut
1312 762 1390 806 con-

161 829 167 842 ‘
218 827 346 910 stantib,
369 827 434 917 qui
453 828 608 916 gravitate
622 830 811 894 seutentiam
834 828 917 894 dixit
940 829 975 892 in
994 830 1116 894 sororis
1130 852 1195 894 suae
1209 828 1323 906 virum,
1343 827 1389 890 ri··

217 917 335 982 tticum
349 912 458 979 tuum!
495 913 598 979 Hunc
616 926 651 978 tu
673 912 745 980 edm
771 929 933 980 auctorem
947 925 979 980 et
1000 928 1235 1001 preceptorem
1249 912 1392 978 omnium

219 1001 434 1078 consiliorum,
457 1000 615 1088 totiusque
630 1000 711 1079 vitae,
733 1001 895 1066 debuisses
919 999 1042 1077 hahere,
1066 1000 1226 1065 vitrici-te
1245 999 1390 1075 similem,

164 1101 208 1161 45
220 1086 316 1175 qusint
331 1084 489 1165 avunculi,
505 1109 573 1151 esse
595 1085 744 1168 maluisti.
790 1086 899 1152 Hu'us
913 1108 973 1173 ego
987 1084 1108 1150 alienus
1123 1086 1267 1150 consiliis
1283 1083 1390 1149 consul

219 1195 294 1238 usus
308 1194 397 1237 sum:
420 1185 467 1250 tu,
490 1170 608 1237 sororis
630 1171 724 1250 lilius,
747 1111 861 1259 ecquid
875 1170 916 1236 ad
929 1193 1002 1236 eum
1016 1192 1155 1257 unquam
1170 1170 1213 1235 de
1227 1168 1389 1257 republiui

217 1255 378 1323 retulisti?
423 1260 470 1324 At
493 1258 535 1322 ad
554 1281 634 1345 quos
657 1256 780 1323 refert?
812 1257 858 1322 dii
882 1256 1091 1322 immortales!
1115 1255 1157 1321 ad
1181 1278 1236 1320 eos
1259 1256 1388 1329 scilicet,

219 1365 359 1431 quorum
381 1344 474 1409 nobis
488 1345 582 1409 etiam
598 1343 665 1409 dies
688 1343 810 1409 natales
824 1343 974 1410 audiendi
986 1355 1068 1408 sunt.
1112 1340 1218 1407 Hodie
1241 1364 1315 1406 non
1346 1342 1392 1406 de·

219 1429 527 1495 scenditAntonius.
564 1428 657 1494 Cari
678 1429 749 1496 Dat
759 1429 908 1495 natalicia
919 1431 953 1494 in
963 1428 1073 1494 hortis.
1109 1425 1196 1493 Cui?
1218 1427 1391 1493 Neminem

164 1515 412 1600 sonominabo':
457 1527 578 1580 utatote
599 1529 668 1580 tum
693 1515 885 1581 Phormioni
906 1515 1012 1593 alicui,
1034 1527 1104 1579 tum
1125 1512 1307 1590 Gnathoni,
1332 1526 1393 1579 tam

64 1619 68 1682 ξ
157 1617 160 1620 ’
221 1601 372 1668 Ballioni.
427 1538 460 1666 ὃ
488 1601 664 1667 foeditatem
693 1600 832 1666 hominis
860 1599 1071 1684 flagitiosam!
1104 1622 1126 1664 o
1146 1598 1390 1685 impudentiam,

63 1701 66 1712 ¹
219 1687 405 1775 nequitiam,
428 1687 596 1753 libidinem
611 1709 678 1752 non
692 1685 878 1753 ferendam!
903 1687 968 1766 Tu,
987 1687 1063 1751 edm
1078 1685 1256 1773 principem
1272 1699 1391 1750 senato·

219 1796 299 1850 rem,
322 1774 423 1838 civem
438 1772 641 1861 singularem,
665 1785 732 1837 tam
771 1775 963 1861 ropinquum
978 1772 1106 1851 habeas,
1131 1769 1175 1836 ad
1189 1793 1262 1835 eum
1284 1771 1324 1835 de
1345 1794 1392 1837 re·

219 1859 308 1946 publ.
322 1859 404 1923 nihil
419 1858 553 1936 referas;
576 1858 616 1923 ad
631 1881 685 1923 eos
707 1797 834 1938 reldras,
881 1861 912 1925 ui
935 1881 1024 1924 suam
1038 1881 1107 1924 rem
1122 1856 1244 1923 nullam
1263 1857 1393 1935 habent,

164 1964 207 2025 15
221 1960 307 2011 tuam
324 1943 542 2010 exhauriunt?
569 1945 661 2010 Tuus
675 1944 822 2011 videlicet
836 1883 982 2010 sallutaris
992 1943 1187 2022 consulatus,
1202 1942 1395 2029 pemiciosns

220 2029 325 2097 meus!
345 2033 494 2096 Adeo-ae
503 2029 662 2116 pudorem
674 2053 748 2096 cum
759 2031 914 2118 pudicitia
923 2030 1142 2117 perdidisti‚ut
1152 2029 1215 2094 hoc
1222 2030 1304 2092 ineo
1314 2041 1394 2094 tem·

219 2118 276 2203 plo
290 2117 396 2180 dicere
411 2139 505 2180 ausus
518 2117 570 2193 sis,
595 2117 629 2180 in
668 2140 709 2182 uo
724 2140 785 2204 ego
800 2129 943 2182 senatum
957 2116 1059 2195 illum,
1082 2116 1140 2203 qui
1153 2114 1315 2203 quondam
1338 2115 1393 2180 ilo·

219 2223 293 2264 rens
307 2201 378 2264 orbi
388 2211 544 2265 terrarum
554 2140 759 2285 praesidebat,
769 2201 988 2279 consulebam
1011 2216 1047 2268 tu
1061 2201 1205 2266 homines
1217 2200 1396 2285 perditissi-

218 2307 288 2349 mos
299 2307 372 2348 cum
380 2283 496 2373 gladiis
505 2286 693 2354 collooirsti?
714 2291 759 2353 At
767 2288 862 2366 etiam
873 2310 967 2353 ausus
980 2309 1014 2351 es
1023 2287 1223 2374 (quidantem
1235 2297 1293 2360 est,
1304 2285 1397 2371 quod

164 2391 206 2450 60
219 2384 255 2454 tu
270 2391 335 2433 non
348 2370 466 2435 audeas
476 2367 505 2452 i)
527 2371 645 2438 clivum
656 2373 879 2459 Capitolinum
894 2372 1012 2451 dicere,
1034 2395 1090 2438 me
1103 2369 1236 2448 consule,
1258 2369 1397 2456 plenum

219 2469 586 2524 servorumarmatorum
595 2458 704 2525 fuisse!
725 2460 773 2527 Ut
782 2458 966 2543 illa(credo)
975 2458 1099 2525 nefaria
1110 2455 1398 2524 senatus-consulta

218 2541 342 2622 fierent,
366 2543 428 2607 vim
450 2545 622 2612 afferebam
636 2546 769 2612 senatui.
815 2547 847 2612 Ο
861 2546 967 2624 miser,
990 2545 1055 2612 sire
1078 2545 1134 2611 illa
1152 2544 1212 2609 tibi
1227 2557 1307 2609 nota
1332 2567 1396 2611 non

219 2640 303 2707 sunt,
327 2629 421 2715 (nihil
446 2633 532 2697 enim
547 2631 623 2697 boni
643 2631 743 2715 ndsti)
760 2633 824 2698 sire
847 2643 931 2710 sunt,
954 2633 1011 2720 qui
1025 2631 1111 2719 apud
1126 2629 1206 2696 tales
1219 2631 1307 2695 viros
1331 2647 1396 2697 tam

219 2713 422 2802 impudenter
440 2716 592 2805 loquare!
640 2717 723 2798 Quis
745 2720 830 2784 enim
856 2740 952 2806 eques
976 2719 1152 2795 Romanus,
1174 2717 1256 2805 quis,
1279 2729 1396 2803 praeter

163 2821 205 2878 65
220 2812 261 2881 te,
295 2801 478 2868 adolescens
507 2803 633 2883 nobilis,
667 2806 738 2891 quis
767 2806 862 2870 ullius
889 2804 1021 2884 ordinis,
1053 2805 1109 2891 qui
1136 2826 1171 2868 se
1199 2803 1305 2870 civem
1332 2824 1395 2869 esse

252 3075 293 3122 88.
310 3073 619 3138 8ηρρὶὶεάίίοηεηιᾶισϊυίί.]
651 3074 717 3132 Vide
736 3092 788 3124 ora·
819 3076 911 3124 brabat.

221 3136 499 3205 tionem'proecedentem,
510 3154 590 3204 parag.
600 3139 635 3188 iii.
646 3141 788 3191 notadlia.
853 3144 895 3190 50.
913 3141 1050 3197 Phemicai,
1065 3139 1118 3203 tra]
1153 3138 1281 3188 Hominum
1304 3139 1396 3202 profert

222 3207 261 3253 10.
820 3203 1396 3273 nomina,quiiamosi‚partimapud‘l'ereatiuru‚

252 3274 292 3317 41.
310 3268 338 3318 L.
351 3269 430 3319 Cesar.
467 3268 492 3317 Is
501 3267 587 3318 Lucius
596 3270 676 3320 Cesar
685 3279 741 3321 ante
748 3271 789 3321 ci·
821 3272 906 3336 partim
917 3272 981 3335 apud
991 3271 1110 3327 Plautum.
1126 3269 1222 3335 parasiti
1232 3277 1298 3317 sunt.

219 3335 428 3399 ceronemproxinr
450 3335 593 3384 consuliuit.
852 3339 892 3385 52.
910 3336 1035 3397 Principem
1053 3335 1192 3400 sensum]
1226 3334 1255 3384 L.
1275 3334 1394 3385 Cesaram

252 3397 290 3446 Ib.
306 3399 457 3464 Avunculus]
488 3399 628 3450 Avunculus
643 3401 728 3451 dicitur
739 3417 788 3449 ma·
819 3401 960 3451 avunculum
971 3397 1189 3450 habuith'ntooius.

219 3459 260 3508 tris
268 3462 355 3521 frater3
372 3472 397 3512 et
407 3464 480 3529 patris
491 3466 571 3519 irater.
587 3475 693 3531 patruus.
852 3469 892 3516 56.
910 3464 939 3513 la
947 3481 971 3514 eo
980 3466 1079 3530 templa]
1103 3466 1133 3514 ln
1144 3464 1286 3514 Concordia
1295 3464 1394 3530 templo,

240 3528 292 3600 Ι42.
310 3525 418 3575 Vitricarn
430 3530 516 3593 turam]
533 3531 637 3580 Vitricus
646 3532 730 3581 dicitur
740 3547 788 3579 ma·
820 3530 859 3578 vel
870 3530 894 3578 in
905 3529 979 3589 curiis,
998 3547 1051 3595 quae
1062 3547 1127 3580 sacra
1136 3538 1195 3586 eret,
1211 3530 1316 3593 ideoque
1328 3530 1395 3594 apd

218 3595 260 3664 tris
277 3588 320 3646 vir,
337 3605 367 3638 ex
384 3593 437 3642 aliis
453 3595 551 3657 nuptiis,
566 3597 617 3645 sire
635 3598 713 3646 matris
730 3611 788 3644 nreoe
820 3595 904 3662 templi
922 3596 1016 3645 nomine
1033 3596 1178 3661 appellatur:
1194 3609 1272 3657 aeque
1289 3593 1358 3641 enim
1370 3595 1396 3642 in

219 3668 263 3710 vu,
278 3670 326 3700 non
336 3661 403 3717 pater
414 3673 489 3705 meus.
820 3660 867 3709 alio
878 3662 940 3720 loco,
951 3660 1022 3727 quim
1033 3659 1395 3719 insaoambesisenstumru

251 3721 291 3767 44.
311 3717 409 3783 Vitrici]
444 3721 548 3770 Vitricus
556 3724 596 3772 illa
605 3725 719 3774 Lentulus
730 3724 788 3772 Sura
820 3734 878 3774 erat.

217 3783 272 3842 fait,
279 3783 327 3849 qui,
335 3784 470 3848 conjuratus
479 3801 533 3834 cum
541 3788 654 3847 catilini,
665 3791 788 3840 incarcere
852 3794 893 3840 60.
911 3792 998 3840 Clima
1008 3789 1174 3855 rapacum]
1196 3785 1285 3838 Glisas
1293 3788 1395 3854 capto

218 3857 370 3900 necatorest
389 3884 391 3887 ψ
819 3854 880 3905 linus
897 3857 965 3906 collis
979 3857 1033 3914 tuit,
1049 3857 1118 3907 cu'us
1131 3853 1157 3904 in
1170 3870 1287 3919 supremo
1305 3856 1393 3903 vertice

179 3937 189 3956 ι
251 3919 292 3966 45.
309 3913 443 3978 drauscii]
460 3913 598 3965 Avunculus
609 3917 653 3965 suit
663 3917 692 3964 L.
701 3916 787 3966 Ceasar.
820 3920 965 3986 Capitolium
976 3929 1033 3979 erat,
1045 3921 1200 3977 utrmtuir,
1209 3929 1236 3969 et
1252 3920 1321 3970 Joris
1330 3927 1394 3967 tem·

251 3984 292 4030 tu.
310 3980 363 4029 Dios
382 3984 468 4029 natales
487 3981 594 4029 eaduardi
612 3979 685 4045 sunt]
728 3981 788 4031 Dies
820 3987 895 4052 plum.

217 4046 379 4111 natalesapud
387 4045 509 4094 Romanos
517 4046 618 4096 maximi
627 4047 788 4096 conviviorum
852 4057 892 4102 61.
916 4049 1009 4118 Nefaria
1033 4052 1238 4101 mathemata
1292 4045 1395 4096 Ironioi

216 4111 588 4223 malgniiicentihcelehrabantur.
724 4137 727 4146 =
819 4118 938 4183 loquitur;
955 4115 1051 4165 iutelli'
1086 4118 1150 4165 enim
1167 4133 1224 4167 sena
1261 4112 1393 4166 mutu,

265 4181 287 4225 b.
305 4176 357 4227 Noa
375 4179 483 4226 deseendit
503 4177 634 4242 Antonius]
667 4175 786 4226 Antonius
818 4184 914 4248 quade
930 4180 1025 4246 conjura
1065 4182 1131 4230 iacta
1147 4189 1213 4242 suut,
1228 4181 1316 4248 quibus
1333 4179 1392 4226 libe·

216 4253 264 4286 non
276 4244 342 4290 venit
356 4243 380 4291 ia
392 4253 508 4300 senatum,
525 4243 581 4309 quia
597 4243 712 4291 conviviis
724 4244 787 4306 ejus·
817 4257 867 4296 rata
881 4256 918 4297 est
935 4246 1043 4312 Respub.
1060 4257 1085 4295 ct
1101 4246 1137 4296 illl
1152 4249 1237 4313 patri·
1259 4245 1389 4313 {studim

216 4304 281 4350 modi
291 4314 342 4354 erat
352 4308 490 4372 impeditus,
507 4323 554 4356 non
565 4323 619 4373 qum
629 4317 725 4374 propter
735 4325 786 4367 sua.
818 4313 890 4379 presi
899 4311 1050 4363 succurunt

214 4367 259 4415 sed
274 4370 343 4420 amici
358 4372 458 4438 aiicajus
473 4374 581 4439 parasiti,
601 4375 711 4423 natalicia
724 4375 787 4425 ocle-
