2959 4959
171 336 213 399 'to
633 327 730 396 PRO
753 316 967 394 RABIRIO.

227 453 329 522 modo
339 455 515 535 honestate,
527 454 583 521 sed
593 455 687 519 etiam
699 453 901 521 simulatione
909 453 1096 535 honestatis,
1108 454 1244 536 relictus,
1254 455 1394 544 quisein

195 555 217 614 ὅ
231 543 394 630 Capitolio
408 543 504 611 fuisse
516 563 588 606 cum
605 541 782 606 Saturnino
795 541 956 606 fateretur.
998 543 1048 607 At
1061 542 1122 607 fuit
1135 556 1236 615 vester
1245 556 1375 629 patruus
1385 565 1406 605 κ

173 658 174 665 “
228 629 344 713 fuerit3
367 641 401 695 et
412 629 508 695 fuerit
518 624 609 692 nulli
621 626 845 711 desperatione
856 647 965 692 rerum
980 649 1121 706 suarum,
1142 628 1238 694 nullis
1250 627 1395 693 domesti-

228 715 276 781 cis
290 714 507 792 ‘vulneribua
522 726 666 778 coactus:
690 710 853 778 induxerit
866 735 940 778 eum
956 711 997 778 L.
1014 714 1179 780 Saturnini
1193 714 1396 791 familiaritas,

228 816 267 885 ut
280 801 451 868 amicitiam
466 801 577 884 patriae
591 811 810 884 praeponeret:
833 798 1010 865 idcirco-ne
1024 798 1168 884 oportuit
1177 800 1218 867 C.
1231 799 1396 867 Rabirium

215 888 405 954 ,desciscere
419 882 640 971 drepublich?
660 906 726 948 non
742 901 928 970 comparere
942 885 976 949 in
991 883 1048 950 itta
1062 885 1183 952 armati
1196 884 1397 951 multitudiue

175 989 218 1047 lo
229 969 414 1040 bonorum?
450 971 617 1036 consulum
642 970 712 1035 roci
738 983 833 1057 atque
856 971 991 1059 imperio
1015 993 1081 1036 non
1106 970 1263 1037 obedire?
1301 971 1397 1058 Atqui

229 1058 382 1135 ridemus,
396 1056 466 1121 haec
479 1057 511 1120 in
524 1078 633 1122 rerum
647 1055 765 1121 naturis
779 1058 840 1122 tria
852 1056 957 1135 fuisse,
968 1070 1004 1122 ut
1017 1073 1154 1123 anteum
1167 1057 1344 1123 Saturnino
1354 1079 1398 1121 es·

227 1156 285 1221 set,
297 1159 352 1209 aut
366 1165 439 1229 cum
450 1143 558 1221 bonis,
573 1158 629 1208 aut
643 1142 765 1208 lateret.
809 1143 935 1222 Latere,
946 1144 1058 1209 mortis
1070 1142 1271 1210 eratbinstar
1286 1143 1400 1229 turpis·

227 1229 332 1305 simoe3
357 1251 431 1294 cum
448 1229 622 1295 Saturnino
637 1251 713 1306 esse,
729 1228 845 1294 luroris
858 1242 892 1294 et
904 1230 1047 1308 sceleris3
1069 1230 1179 1307 virtus,
1194 1242 1227 1294 et
1241 1229 1401 1305 honestas,

227 1328 261 1380 et
273 1314 379 1399 pudor
398 1337 472 1380 cum
487 1314 749 1380 consulibusesse
763 1316 907 1398 cogebat.
952 1314 1029 1381 Hoc
1049 1328 1086 1381 tu
1107 1315 1205 1403 igitur
1226 1314 1259 1378 in
1278 1315 1401 1380 crimen

174 1419 213 1477 15
228 1422 332 1478 rocas,
349 1400 437 1488 qubd
452 1423 525 1466 cum
548 1403 587 1465 iis
601 1399 697 1464 fuerit
720 1399 761 1464 C.
780 1401 942 1478 Rabirius,
964 1424 1055 1488 quos,
1077 1399 1312 1468 amentissimus
1326 1399 1404 1466 fuis·

167 1520 171 1525 ·
226 1500 284 1565 set,
300 1486 327 1550 si
340 1485 577 1574 oppugutissett
599 1485 807 1571 turpissimus,
822 1488 848 1550 si
864 1485 1066 1573 reliquisset?
1111 1490 1157 1554 At
1172 1487 1212 1552 C.
1227 1485 1402 1561 Decianus,

226 1572 348 1660 dequo
362 1587 398 1638 tu
410 1571 498 1659 saepe
513 1593 755 1648 commemoras,
776 1570 860 1658 quia,
876 1571 950 1637 curn
964 1572 1128 1638 hominem
1141 1571 1289 1638 omnibus
1303 1571 1402 1659 insig-

226 1680 301 1725 nem
315 1659 400 1724 notis
414 1657 631 1745 turpitudinis,
649 1657 688 1722 P.
704 1657 848 1735 Furium,
863 1672 1036 1738 accusaret,
1046 1680 1171 1726 summo
1184 1657 1290 1724 studio
1301 1656 1401 1723 bono·
1446 1724 1448 1729 ,

227 1767 299 1811 rum
317 1746 476 1823 omnium,
500 1745 591 1831 queri
614 1757 662 1808 est
683 1767 777 1810 ausus
800 1743 834 1809 in
859 1745 1015 1811 concione
1036 1744 1079 1811 de
1101 1750 1204 1811 morte
1228 1743 1402 1821 Saturnini,

168 1847 214 1906 20
228 1831 459 1896 condemnatus
472 1847 539 1901 est:
561 1844 593 1896 et
609 1832 724 1896 Sextus
739 1830 856 1908 Titius,
868 1829 958 1918 qubd
971 1831 1085 1897 habuit
1097 1831 1268 1918 imaginem
1283 1828 1326 1894 L.
1346 1830 1401 1894 Sa·

189 1952 194 1961 ·
229 1920 350 1983 turnini
365 1918 454 1983 domi
468 1940 543 1995 sure,
567 1915 797 1982 condemnatus
811 1931 867 1981 est.
913 1918 1101 1984 Statuerunt
1118 1917 1238 2004 equites
1263 1914 1399 1979 Romani

191 2024 200 2039 ··
227 2004 285 2068 illo
298 2015 311 2043 ⁰
325 2005 453 2080 udicio,
469 2001 651 2087 improbum
665 2004 766 2066 civem
781 2024 858 2079 ease,
873 2015 906 2066 et
925 2025 990 2066 non
1003 2002 1204 2067 retinendum
1218 2001 1398 2076 incivitate,

227 2091 294 2176 qui,
319 2028 459 2153 bominis
478 2086 624 2152 hostilem
647 2087 680 2150 in
705 2086 836 2150 modum
857 2087 998 2152 seditiosi
1020 2088 1170 2172 imagine,
1195 2109 1251 2150 aut
1264 2101 1400 2152 mortem

227 2177 294 2259 ejus
313 2173 505 2249 honestaret,
527 2184 583 2235 aut
602 2169 758 2236 desideria
780 2171 1000 2256 imperitorum
1022 2169 1239 2237 misericordia
1256 2193 1400 2237 commo·

170 2278 212 2336 25
226 2272 323 2334 reret,
349 2271 406 2322 aut
430 2279 519 2321 suam
547 2255 741 2342 significaret
768 2255 931 2322 imitandae
955 2256 1167 2344 improbitatis
1193 2255 1399 2324 voluntatem·

225 2342 340 2429 Itaque
354 2341 434 2405 mihi
454 2342 571 2406 mirum
586 2340 720 2418 ridetur,
747 2341 833 2407 unde
855 2343 938 2408 lranc
962 2356 1009 2422 tu,
1035 2342 1188 2420 Labiene,
1215 2342 1398 2431 imaginem,

225 2449 321 2515 quam
337 2426 445 2516 habes,¹
460 2427 635 2492 inveneris:
657 2449 745 2505 nam,
769 2429 845 2493 Sex.
862 2428 952 2495 Titio
966 2430 1130 2507 damnato,
1154 2428 1210 2516 qui
1231 2430 1328 2494 istam
1342 2429 1398 2495 ha·

225 2515 301 2579 bere
328 2512 470 2593 auderet,
500 2513 646 2578 inventus
673 2527 723 2578 est
747 2537 860 2579 nemo:
892 2514 981 2602 quod
1009 2529 1045 2580 tu
1072 2510 1266 2593 siaudlsses,
1295 2529 1353 2581 aut
1375 2516 1398 2580 si

142 2624 157 2685 ',
225 2621 284 2687 per
297 2614 424 2665 aetatem
446 2600 527 2665 scire
548 2601 712 2685 potuisses,
740 2623 903 2688 nunquam
928 2600 1073 2687 prolectd
1098 2601 1192 2666 istam
1215 2601 1398 2689 imaginem,

73 2752 75 2757 ,
157 2707 213 2766 so
226 2708 307 2774 quae,
323 2686 411 2752 domi
434 2688 548 2773 posita,
570 2686 719 2771 “pestem
741 2701 837 2775 atque
857 2689 1004 2765 exsilium
1029 2689 1104 2753 Sex.
1122 2685 1212 2753 Titio
1233 2688 1396 2764 attulisset,

224 2773 260 2837 in
278 2772 395 2838 Rostra
409 2789 503 2860 atque
518 2773 551 2837 in
574 2773 763 2838 concionem
785 2773 961 2854 attulisses3
984 2796 1045 2841 nec
1067 2787 1138 2837 tuas
1159 2794 1304 2872 unquam
1326 2774 1398 2839 rati·

190 2938 194 2943 ,
225 2879 303 2922 ones
317 2859 358 2924 ad
372 2882 427 2924 eos
441 2859 597 2945 scopulos·
610 2858 795 2944 appulisses,
813 2859 854 2924 ad
880 2863 969 2947 quos'
983 2862 1059 2926 Sex.
1073 2858 1154 2925 Titii
1167 2856 1320 2924 afflictam
1343 2881 1396 2923 na-

224 2965 308 3022 vem,
331 2946 420 3011 etin
447 2947 561 3033 quibus
586 2945 624 3009 C.
649 2944 787 3009 Deciani
809 2946 1011 3033 naufragium
1029 2945 1241 3023 fortunarum,
1261 2945 1395 3012 uideres.

222 3189 438 3252 ‘incommodia
487 3190 613 3269 rimago.
652 3198 818 3251 ‘musetum
866 3189 1076 3250 *calamitatem
1091 3191 1394 3252 meotidenmationem.

256 3431 280 3476 6.
300 3427 373 3477 Nulid
385 3430 529 3491 desperatione
538 3432 632 3496 terrim]
665 3431 715 3490 Qui
729 3431 816 3480 enim'
858 3431 898 3477 st.
917 3427 1130 3493 fastradanam]
1165 3428 1413 3495 Quisolitumjudi-·

223 3507 269 3541 rore
280 3493 357 3543 alieno
367 3498 505 3542 tenebantur
512 3494 625 3553 adstricti,
633 3504 658 3545 ut
666 3495 792 3562 plurimimt
824 3496 917 3543 cabant.

223 3557 348 3608 seditiosos
358 3560 422 3607 cives
433 3559 598 3622 sequebantur.
746 3577 748 3580 ⁴
857 3562 897 3607 24.
931 3558 1106 3623 impertimus]
1154 3559 1185 3607 Id
1210 3566 1255 3616 est,
1281 3557 1392 3622 imperita

258 3626 297 3671 16.
314 3624 345 3670 At
365 3622 390 3671 C.
412 3622 545 3688 Decianus]
585 3622 634 3673 Hic
652 3628 758 3677 ostendit
777 3626 792 3674 a
824 3624 988 3681 multitudinis,
999 3641 1053 3689 quae
1062 3624 1133 3673 facili
1142 3625 1211 3674 rebus
1222 3624 1340 3690 cjusmodi
1352 3624 1393 3670 du·

223 3687 365 3752 praejudiciis
384 3688 435 3737 rive
452 3688 574 3751 judicatis,
599 3690 729 3742 Labienum
750 3702 793 3756 po·
824 3689 890 3737 citur.

222 3749 270 3801 titis
297 3752 367 3818 quim
387 3752 510 3801 Rabirium
530 3755 697 3820 perduellionis
724 3773 793 3806 accu·
857 3759 896 3805 29.
923 3754 993 3804 Istam
1011 3755 1149 3820 imaginata]
1196 3754 1315 3804 labienus
1342 3766 1392 3817 pro·

221 3819 392 3867 sandumcsse.
425 3817 617 3868 NarnDecianus
626 3822 717 3871 tantum
725 3823 792 3870 dam·
824 3819 924 3869 duxerat
934 3820 1059 3885 imaginem
1070 3818 1391 3871 Lastaminttnaoncione.

223 3889 291 3930 natus
300 3884 406 3947 estquis
414 3883 576 3932 deSsturnino
601 3898 679 3939 uestus
687 3896 731 3944 est,
738 3886 792 3936 crim
824 3892 866 3932 aut
875 3901 946 3950 quam
957 3885 1020 3949 apud
1032 3900 1057 3933 se
1065 3884 1391 3942 montemmaranum

222 3948 477 3999 Furiumdelendebat.
503 3948 568 3999 Vide
577 3903 631 4000 ilat
639 3953 705 4002 Max.
716 3953 757 4000 lib.
767 3956 791 4000 8.
823 3950 1065 4003 hnicoertesimilcm.
1311 3958 1315 3965 '
1432 3984 1435 3989 -

219 4020 310 4077 capt.
744 4007 746 4021 ¹
856 4019 895 4064 31.
915 4014 1053 4078 intima]
1087 4014 1391 4063 Ubihaeccausarctaest.

237 4084 295 4129 ¹20.
312 4079 387 4129 Sertnr
397 4076 489 4145 Tuitus]
523 4078 607 4137 Titius,
622 4083 693 4130 homo
705 4081 792 4145 loquax
856 4081 895 4131 lb.
909 4080 1091 4144 Yuarrationes]
1109 4079 1305 4138 Quibusroluisti
1311 4074 1391 4140 impel·

207 4150 247 4205 ,ct
257 4155 348 4203 acutus,
355 4153 380 4194 ut
390 4146 424 4193 ait
432 4145 525 4201 Cicero,
532 4145 588 4194 licet
597 4148 709 4195 innocens
719 4154 791 4205 esset,
823 4144 870 4194 lere
882 4161 939 4208 pop.
952 4144 1022 4192 Rom.
1032 4146 1062 4192 ad
1072 4146 1218 4208 perdendum
1228 4144 1357 4193 Rabirium.

220 4214 248 4253 et
256 4208 413 4275 legeAgrarih
421 4212 536 4275 gratiosus
563 4211 791 4275 opulo,tamencon·
856 4214 895 4258 32.
913 4207 1131 4274 Afflictornnaueaa]
1165 4210 1212 4258 Per
1228 4202 1391 4258 naveruintel·

220 4270 344 4323 damnatus
352 4275 529 4343 estquiadomi
537 4226 790 4342 Raturaimimagincm
822 4274 877 4339 ligit
883 4275 996 4323 familiam
1003 4284 1028 4323 et
1038 4276 1150 4337 domum3
1161 4276 1301 4341 utcttphota
1310 4272 1390 4321 intre

218 4334 330 4389 habebut.
823 4341 1100 4409 sumptactnauirsgio.
