2959 4959
465 287 518 355 Μ.
536 288 703 358 TULLII
722 287 986 358 CICERONIS

377 571 539 640 ANNUS
560 569 707 640 URBIS
730 568 960 638 CONDITAE
988 577 1062 642 705.

100 707 235 768 &tc-G.
245 705 454 768 Judaeum
462 709 621 780 amatam,
631 710 670 769 P.
681 707 803 768 Seruilio
818 707 900 767 Vatia
908 708 1046 780 leandro,
1055 716 1124 766 aare
1132 707 1273 768 Ghmchnn
1279 709 1330 772 47.

450 785 604 848 ciceronis
620 787 866 869 qrdnquagesima
878 805 977 845 nonas
1213 801 1216 808 ’
1345 787 1348 792 ’

146 914 237 980 Vicit
263 916 371 980 Caesar
392 913 581 1001 Pompeium
606 916 648 981 ad
675 911 883 981 Pharsalum:
906 917 940 979 in
958 915 1026 981 acie
1043 914 1159 980 Cicero
1177 916 1329 995 nonfuit,

100 999 161 1067 sed
173 1002 336 1090 incastris,
352 1014 484 1086 propter
498 1002 722 1068 valetudinem.
772 1003 875 1068 Erant
890 1024 962 1068 cum
987 1002 1141 1067 Cicerone
1155 1001 1204 1067 M.
1224 1003 1329 1068 Varro

101 1100 137 1151 ct
161 1086 211 1151 M.
237 1086 331 1151 Ceto:
361 1089 436 1150 riam
462 1085 543 1152 Cato
567 1087 764 1175 Dyrrhachii
786 1087 914 1153 relictus
936 1087 1014 1152 esti
1030 1087 1184 1173 Pompeio
1198 1111 1271 1174 cum
1289 1098 1330 1155 15

100 1171 296 1249 cohortibus,
322 1185 358 1237 ut
371 1172 606 1259 impedimentis
619 1175 768 1261 praesidio
782 1187 874 1238 asset.
920 1172 1015 1237 Victo
1041 1172 1205 1259 Pompeio,
1235 1175 1329 1252 Cato,

125 1257 158 1321 ui
172 1257 280 1342 copias
296 1279 326 1320 nr
371 1280 427 1321 nas
441 1274 473 1323 at
487 1259 617 1324 classem
637 1262 800 1348 ingentem
822 1259 1018 1345 Dyrrhachii
1038 1259 1185 1334 habebat,
1211 1259 1250 1324 ad
1276 1258 1327 1324 M.

130 1341 254 1420 ullium,
268 1282 525 1430 quionnsularis
539 1358 617 1425 erat,
632 1347 803 1445 imperium
820 1345 943 1410 deferre
957 1344 1073 1410 voluit:
1098 1358 1141 1420 at,
1157 1343 1229 1410 crim
1245 1343 1327 1421 illud

96 1442 270 1506 recusaret,
285 1427 415 1516 propids
429 1429 547 1496 iactum
561 1445 608 1496 est
621 1430 711 1509 nihil,
727 1429 823 1519 quam
835 1444 870 1496 nt
878 1431 1085 1507 occideretur,
1101 1429 1173 1495 clim
1185 1446 1217 1494 et
1229 1430 1327 1495 Pom·

95 1512 188 1604 peius
203 1513 298 1592 filius,
312 1528 344 1579 et
358 1516 461 1593 amici,
477 1517 760 1602 eumproditorem
772 1516 980 1603 appellarent,
995 1516 1181 1603 gladiosque
1191 1517 1327 1603 stringe·

94 1611 183 1676 rent3
206 1595 261 1664 sed
290 1598 372 1665 Cato
396 1601 542 1666 resistens
563 1604 617 1667 vix
641 1602 707 1668 leto
730 1626 803 1668 aum
829 1603 958 1688 eripuit:
988 1601 1088 1690 quare
1113 1603 1227 1668 Cicero
1251 1625 1327 1668 cum

93 1684 205 1762 multis
227 1684 297 1751 aliis
314 1688 520 1753 Senatoribus
535 1688 839 1756 continuh'Romam
851 1690 1011 1774 profectus
1025 1702 1082 1766 est,
1108 1701 1141 1754 et
1162 1688 1326 1754 Brundisii

95 1785 253 1852 moratus,
285 1772 445 1838 Cursarem
461 1775 663 1860 exspectavit.
715 1776 920 1843 Brundisium
946 1798 1073 1862 quoque
1088 1773 1140 1840 M.
1153 1775 1325 1852 Antonius,

93 1869 171 1942 post
184 1858 360 1938 victoriam,
381 1882 454 1925 cum
469 1860 647 1949 legionibus
661 1863 758 1940 venit,
781 1874 814 1928 et
829 1861 977 1927 Ciceroni
997 1861 1149 1960 pepercit.
1193 1862 1329 1946 Scripsit

94 1953 168 2008 tum
184 1943 292 2009 Caesar
307 1945 349 2010 ad
365 1948 553 2024 Antonium,
575 1947 748 2034 prohibere
762 1970 871 2011 omnes
886 1946 990 2023 ltaliei,
1017 1948 1078 2022 nisi
1100 1969 1236 2034 quorum
1259 1948 1329 2031 ipse

93 2049 235 2108 musam,
252 2032 461 2119 cognovisset:
477 2031 586 2120 quare,
603 2030 675 2096 eam
687 2033 849 2097 Antonius
863 2033 1003 2116 petiisset
1017 2029 1205 2096 riCicerone
1215 2055 1272 2115 per
1287 2032 1328 2096 li·

93 2123 189 2193 teras,
206 2130 241 2180 ut
256 2115 316 2180 sibi
328 2117 517 2201 ignoscerem
540 2116 643 2180 facere
656 2139 689 2180 se
703 2138 769 2179 non
783 2138 885 2202 posse,
910 2115 986 2204 quin
1005 2116 1140 2180 Caesaris
1154 2116 1254 2179 literis
1268 2139 1325 2202 pa-

93 2213 196 2276 rerct;
217 2201 306 2264 misit
319 2202 361 2264 ad
376 2224 447 2265 enm
462 2200 576 2265 Cicero
591 2200 632 2265 L.
647 2200 808 2280 Lamiam,
823 2202 877 2287 qui
892 2200 1135 2279 demonstraret,
1161 2200 1325 2267 Caesarem

92 2284 275 2352 Dolabellae
290 2285 417 2360 dixisse,
434 2297 469 2349 ut
482 2285 522 2349 ad
540 2285 728 2351 Ciceronem
744 2287 904 2365 scriberet,
922 2300 957 2352 ut
972 2289 1003 2352 in
1019 2286 1146 2352 ltaliam
1162 2289 1326 2374 quampri-

92 2371 184 2440 mum
199 2371 330 2436 veniret.
363 2371 474 2458 Itaque
489 2372 650 2438 Antonius
665 2372 774 2438 edixit
788 2373 842 2451 ita,
865 2387 900 2439 ut
924 2371 973 2438 Μ.
997 2372 1142 2439 Tullium
1164 2374 1326 2461 exciperet

91 2458 295 2528 nominatim.
339 2456 423 2523 Vide
437 2458 529 2545 epist.
545 2465 574 2528 7.
588 2457 645 2524 lib.
662 2465 712 2525 ll.
726 2457 768 2525 ad
781 2460 851 2525 Art.

366 2627 527 2697 ANNUS
550 2629 695 2698 URBIS
718 2629 948 2698 CONDITAE
978 2641 1050 2702 706.

126 2766 209 2828 Coss.
219 2765 301 2828 Julio
314 2768 430 2827 Cerere
439 2766 591 2826 scandam
607 2768 767 2834 Dictatore,
783 2767 832 2826 Μ.
847 2767 974 2827 Antonio
984 2768 1121 2849 Epritrcm
1136 2757 1294 2850 Magistro,

98 2881 106 2888 -
166 2841 174 2858 '
370 2847 436 2905 onte
452 2845 654 2908 Ghrirtcmdti.
697 2847 839 2906 caerae
852 2847 1047 2928 scaagesimum

101 2975 112 3062 Ἰ
137 2971 357 3048 Constituerat
373 2973 486 3040 Cicero
500 2974 602 3041 filium
617 2999 708 3041 suum
726 2975 915 3041 Ciceronem
930 2999 1002 3042 cum
1019 2975 1082 3041 Cn.
1097 2976 1250 3042 Sallustio
1264 2976 1324 3042 ob·

90 3053 179 3125 itam
194 3059 314 3125 Caesari
330 3060 464 3136 nrittere;
487 3060 553 3138 sed,
569 3060 640 3126 crini
655 3060 696 3125 de
709 3064 777 3148 ejus
791 3061 929 3128 adventu
952 3061 1032 3127 nihil
1053 3062 1229 3142 afferretur.
1245 3086 1323 3129 con·

91 3145 199 3212 silium
226 3146 370 3212 mutavit.
428 3145 542 3210 Cicero
566 3146 673 3211 literas
699 3144 720 3209 a
742 3148 869 3212 Caesare
893 3150 1026 3233 accepit,
1048 3171 1127 3234 quas
1149 3148 1202 3212 ille
1224 3150 1253 3213 ei
1279 3151 1322 3216 ex

90 3225 238 3320 AEgypto
257 3233 395 3309 miserat,
418 3232 533 3319 quibus
548 3232 675 3317 petebat
689 3244 726 3296 ut
739 3246 821 3298 esset
836 3232 918 3297 idem
934 3234 989 3335 qui
1003 3232 1123 3299 fuisset.
1171 3234 1322 3321 Sedopi·

89 3317 190 3382 mione
204 3317 294 3382 citius
310 3318 419 3383 Caesar
433 3317 565 3382 venitin
582 3316 723 3395 Italiam3
744 3319 830 3405 quod
845 3319 900 3384 ubi
918 3319 1066 3384 Ciceroni
1081 3318 1239 3405 perlatum
1262 3334 1320 3400 est,

88 3413 124 3468 ct
137 3424 209 3466 euni
228 3401 404 3468 Tarentum
419 3403 553 3468 navibus
567 3403 735 3488 appulisse,
751 3417 846 3491 atque
860 3402 937 3468 inde
958 3403 1163 3471 Brundisium
1185 3404 1321 3491 pedibus

88 3486 294 3566 contendere,
321 3485 448 3553 obviarn
464 3487 509 3552 illi
524 3490 686 3588 prooessit.
732 3489 850 3568 Caesar,
877 3504 913 3555 ut
931 3513 1003 3556 eum
1023 3488 1120 3578 longe
1143 3506 1217 3556 ante
1241 3491 1322 3558 alios

87 3594 260 3638 occurrere
274 3573 362 3652 vidit,
382 3572 557 3654 descendit,
580 3588 700 3641 etcum
723 3599 763 3641 eo
785 3575 854 3642 solo
879 3576 1074 3665 colloquens,
1095 3576 1197 3644 multa
1216 3577 1321 3644 stadia
1416 3623 1427 3632 -

84 3658 252 3748 processit.
852 3698 855 3704 ·

361 3829 525 3900 ANNUS
547 3831 693 3901 URBIS
716 3830 948 3901 CONDITAE
971 3843 1045 3907 707.

87 3963 170 4026 Con.
181 3962 266 4025 «lulio
281 3959 395 4026 Casan
403 3966 517 4030 seuam
529 3968 690 4039 Dictatd'c,
702 3969 752 4028 ht.
767 3967 888 4029 AEmr‘lr‘o
901 3970 1022 4052 Lepido,
1035 3970 1262 4032 antechristum
1269 3973 1321 4033 45.

127 4167 218 4237 Toto
230 4172 294 4240 hoc
308 4196 394 4241 anno
404 4173 526 4240 bellum
535 4175 724 4242 Africanum
730 4179 856 4266 gestum
867 4191 926 4257 est,
937 4200 976 4244 ac
985 4173 1051 4242 fere
1061 4199 1190 4264 semper
1203 4175 1318 4258 Romae

3 4327 4 4362 p
78 4274 298 4325 commoratus
312 4276 360 4328 est
376 4261 501 4342 Cicero,
516 4260 615 4328 relin
629 4261 728 4342 uillis3
751 4262 896 4332 nectere
913 4263 1036 4344 exibat,
1050 4275 1192 4352 prmter
1212 4262 1319 4328 sarias
