2959 4959
146 336 218 416 *a
476 288 486 305 ’
645 336 741 405 rso
765 336 976 405 samnio.

178 471 334 561 65¹(quod
349 472 408 537 abs
421 482 455 537 te
468 467 638 558 sepissime
651 467 795 549 dicitur),
810 486 882 537 non
891 490 962 534 estu
973 466 1013 534 C.
1026 467 1187 548 Rabirius,
1207 467 1261 534 sad
1277 466 1316 534 C.
1328 464 1402 534 Me

167 588 171 599 ·
233 560 309 638 rius,
325 558 431 636 dedit3
447 558 594 643 idemque
603 555 743 633 violam,
758 557 786 621 si
800 556 833 620 in
848 554 913 619 tide
927 576 993 620 non
1007 556 1104 621 stetit.
1134 554 1219 633 Quse
1232 555 1320 634 fides,
1338 554 1403 619 La·

233 646 337 724 biene,
403 643 532 728 ipotuit
544 639 615 706 sind
629 642 917 709 senatis-consulto
931 639 1025 705 deri?
1046 642 1187 708 adeo-na
1207 642 1319 729 hospes
1339 640 1402 705 bu·

228 733 320 819 jusce
333 668 430 808 uiiis,
454 727 592 793 adeo-ne
605 729 737 818 ignarus
758 752 792 794 es
813 727 991 814 disciplina
1011 729 1311 817 consuetudinisque
1330 748 1406 792 nos·

234 832 302 892 trae,
324 828 362 880 ut
375 815 445 879 liaec
458 812 605 878 nescias?
626 828 662 880 ut
676 815 874 903 peregrinari
888 814 923 879 in
938 811 1044 879 alieni
1058 814 1196 893 civitate,
1218 834 1285 880 non
1300 815 1334 879 in
1348 812 1404 879 tui

179 904 453 991 'lomagistrtturn
467 922 589 988 gerere,
602 900 753 966 videare?
775 900 865 977 Quid
874 901 943 988 jam
958 901 1021 965 ista
1036 899 1075 964 C.
1087 898 1208 978 Mario,
1221 902 1254 965 in
1279 900 1336 980 uit,
1347 921 1404 964 no-

165 1002 170 1023 ⁸
235 1010 306 1059 cere
320 999 464 1073 possunt,
503 986 631 1051 uoniam
646 1009 740 1052 sensu
751 1000 784 1052 et
794 985 861 1050 viti
872 985 981 1052 caret?
1003 984 1223 1051 lta-nevero?
1279 986 1403 1051 antisin

233 1071 396 1138 laboribus
412 1072 451 1137 C.
509 1073 604 1151 arius,
620 1073 841 1161 periculisque,
857 1073 997 1151 vixisset,
1019 1073 1046 1137 si
1058 1070 1140 1136 nihil
1154 1071 1292 1159 longius,
1309 1070 1405 1183 quim

231 1159 307 1222 ritae
323 1158 450 1221 termini
463 1159 679 1242 postulabant,
702 1182 758 1244 spe
772 1172 868 1247 atque
881 1160 990 1224 animo
1003 1158 1044 1222 dc
1058 1180 1093 1222 se
1107 1170 1139 1222 et
1152 1157 1258 1245 glorii
1272 1182 1333 1223 sna
1355 1181 1407 1224 co-

230 1238 235 1267 '
257 1241 392 1309 iisset?
423 1246 477 1322 At,
495 1244 620 1329 (credo)
635 1245 707 1309 cdrn
722 1246 972 1310 innumerabiles
986 1244 1125 1309 hostium
1139 1244 1248 1328 copias
1263 1244 1295 1308 in
1314 1243 1409 1325 Italii

179 1333 218 1396 75
266 1330 373 1408 disset,
388 1340 483 1416 atque
497 1330 663 1396 obsidione
677 1331 838 1416 Rempub.
850 1329 1025 1409 liberasset,
1039 1330 1215 1395 omniasua
1223 1351 1331 1394 secum
1344 1327 1411 1395 nni

122 1464 129 1482 .
232 1417 388 1482 moritura
413 1416 636 1481 arbitrabatur.
682 1417 758 1481 Non
781 1428 829 1481 est
850 1416 906 1491 ita,
928 1416 1089 1494 Quirites3
1112 1438 1216 1503 neque
1238 1416 1410 1501 quisquam

231 1501 377 1569 nostrilm
391 1502 425 1565 in
444 1502 584 1587 Reiprlo.
598 1502 749 1588 periculis
763 1524 835 1567 cnm
851 1502 946 1568 laude
959 1524 998 1567 ac
1012 1493 1129 1567 virtute
1149 1515 1302 1577 versatur,
1330 1502 1411 1587 quin

232 1599 309 1675 ⁸spe
323 1589 516 1675 posteritatis
532 1588 700 1676 fructuque
713 1589 859 1655 ducatur.
905 1590 1029 1676 ltaque,
1053 1589 1128 1653 edm
1149 1587 1257 1652 multis
1279 1584 1351 1651 aliis
1369 1586 1410 1650 de

144 1742 150 1750 ,
233 1676 346 1752 causis,
375 1674 516 1740 virorum
538 1676 696 1740 bonorum
719 1688 840 1739 mentes
860 1675 979 1740 divinae
1000 1674 1080 1740 milri
1101 1686 1197 1760 atque
1218 1686 1351 1738 oeternoe
1365 1673 1411 1736 vi·

180 1766 224 1825 80
233 1760 352 1827 dentur
366 1784 445 1840 esse,
468 1775 537 1826 tum
552 1760 692 1826 manne
715 1761 805 1849 quod
826 1762 939 1848 optimi
961 1773 994 1827 et
1014 1759 1237 1846 sapientissimi
1258 1760 1410 1846 cujusque

164 1860 169 1871 ’
220 1849 360 1913 ¹animus
375 1848 420 1913 ita
433 1849 598 1934 praesentit
608 1849 641 1912 in
656 1845 831 1935 posterum,
855 1859 890 1911 ut
904 1847 985 1925 nihil
999 1847 1061 1911 nisi
1077 1846 1305 1931 sempiternum
1322 1867 1410 1931 spec·

234 1946 303 1999 tare
317 1934 472 1999 videatur.
516 1934 724 2019 Quapropter
737 1933 886 2020 equidem
909 1946 941 1997 et
966 1933 1004 1998 C.
1030 1932 1141 2011 Marii,
1164 1943 1196 1996 et
1220 1944 1409 1996 caeterorum

233 2020 378 2085 virorum
393 2021 705 2106 sapientissimorum,
729 2040 767 2083 sc
779 2017 1022 2083 fortissimorum
1042 2019 1160 2082 civium
1182 2029 1315 2095 mentes,
1339 2038 1408 2104 quoe

236 2106 316 2170 milri
330 2106 480 2169 videntur
492 2126 534 2169 ex
548 2104 716 2168 hominurn
729 2102 796 2168 virt
812 2104 854 2167 ad
876 2103 1009 2166 deorum
1033 2102 1244 2207 ¹¹,religionem
1266 2115 1299 2166 et
1321 2125 1408 2168 sanc-

180 2197 224 2254 85
236 2191 403 2256 timonium
418 2188 619 2275 demigrbsse,
637 2202 744 2266 testor,
760 2211 823 2267 me,
838 2187 1036 2273 proillorum
1047 2185 1142 2265 lama,
1157 2186 1273 2273 glorid,
1289 2209 1409 2254 memo-

234 2276 293 2354 rit,
316 2297 382 2340 non
398 2275 487 2339 sectis
501 2296 539 2339 ac
552 2297 613 2359 pro
626 2274 737 2359 patriis
759 2273 840 2338 fanis
854 2287 950 2373 atque
963 2271 1116 2351 delubris,
1138 2275 1407 2360 propugnandum

233 2373 364 2448 putare:
388 2384 435 2439 ac,
462 2362 563 2446 sipro
577 2359 704 2424 illorum
719 2360 813 2424 laude
826 2359 906 2429 mihi
921 2380 1010 2424 arma
1024 2357 1183 2443 capienda
1203 2373 1321 2439 essent,
1346 2382 1408 2425 non

234 2446 340 2512 mimis
354 2448 482 2511 strenui
497 2468 654 2531 caperem,
680 2445 779 2534 quim
794 2444 842 2508 illi
856 2468 917 2531 pro
930 2445 1094 2510 communi
1118 2443 1222 2510 'salute
1247 2459 1407 2531 ceperunt.

236 2532 377 2612 Etenim,
397 2532 556 2611 Quirites,
579 2532 732 2620 exiguum
746 2532 839 2596 nobis
852 2532 926 2597 vitoe
940 2529 1136 2596 curriculum
1150 2533 1408 2597 natura-circuni-

181 2626 224 2684 90
236 2620 372 2706 scripsit,
386 2620 584 2684 ‘immensum
598 2618 720 2706 gloriae.
752 2617 887 2695 Quare,
904 2619 931 2682 si
945 2640 1009 2697 eos,
1026 2617 1081 2705 qui
1091 2618 1160 2704 jain
1172 2616 1218 2695 de
1229 2616 1297 2682 vitis
1308 2619 1408 2683 deces-

164 2742 168 2751 ·
235 2720 356 2783 serunt,
387 2705 603 2782 'ornabimua3
631 2705 798 2793 justiorem
821 2704 913 2769 nobis
936 2704 1048 2770 mortis
1072 2702 1290 2769 conditionem
1317 2702 1408 2768 relin-

236 2812 380 2879 quemus.
426 2790 500 2869 Sed,
522 2791 548 2856 si
566 2790 648 2870 illos,
672 2791 827 2866 Labiene,
850 2814 930 2878 quos
938 2792 1007 2877 jem
1022 2788 1131 2857 ridere
1144 2811 1210 2854 uon
1234 2810 1406 2874 possumus

232 2878 388 2967 negligis3
411 2899 453 2942 ne
467 2877 516 2957 his
530 2878 669 2966 quidem,
683 2901 764 2966 quos
779 2878 876 2955 vides,
891 2876 1016 2943 consuli
1077 2889 1124 2941 tas
1137 2874 1316 2963 oportere?
1348 2874 1408 2941 Ne·

234 2964 355 3027 minem
369 2986 435 3028 esse
449 2963 532 3041 dico,
554 2987 595 3028 ex
610 2965 647 3027 iis
661 2965 811 3029 omnibus
825 2964 881 3050 qui
894 2963 952 3026 illo
965 2962 1019 3027 die
1120 2985 1150 3026 ω
1163 2960 1291 3039 fuerint,
1319 2981 1406 3050 quem

180 3059 272 3128 estu
291 3047 377 3114 diem
400 3050 434 3113 in
452 3048 611 3135 judiciuin
632 3072 737 3129 rocus,
762 3049 926 3136 pubesque
947 3060 1016 3113 turn
1035 3046 1140 3127 fuerit,
1163 3048 1240 3135 quin
1254 3069 1348 3113 arma
1361 3068 1407 3111 oe·

235 3190 395 3304 stangatur
405 3220 675 3311 senruposteritctis.
688 3221 903 3283 ιιαεεεεειζςεειιιί
911 3239 1056 3311 numum
1065 3220 1188 3282 deessem
1211 3218 1407 3281 ‘numana

268 3389 308 3434 er.
330 3384 382 3434 stae
401 3384 596 3435 messmam
615 3370 689 3455 uqa]
722 3386 810 3450 aigun
873 3391 914 3436 ai.
931 3385 1069 3464 erma]
1090 3385 1236 3437 Posteriutis
1255 3383 1405 3451 pra-asoa

216 3448 356 3498 ⁴'labienus
374 3451 487 3508 Marium,
508 3450 572 3515 qndd
594 3452 666 3501 fidem
683 3453 809 3501 Saturnino
841 3460 866 3501 et
874 3467 918 3516 spe
927 3451 1021 3501 ducitur
1030 3467 1130 3501 murus.

234 3515 375 3563 dotornnon
388 3516 530 3569 ,serenent
563 3516 708 3581 Respondet
717 3517 810 3574 Cicero,
874 3521 915 3567 84.
947 3518 985 3566 At
1003 3518 1094 3566 m
1113 3514 1259 3581 rdigim]
1294 3514 1405 3565 colebat

235 3578 357 3643 publicam
373 3596 420 3628 non
434 3582 517 3643 tuisse,
534 3597 582 3631 ncc
592 3582 692 3633 suluisse
708 3582 758 3633 siae
771 3599 808 3632 ae-
840 3582 944 3631 Rornsni
954 3598 1003 3631 non
1013 3581 1088 3631 solnm
1106 3584 1164 3630 deos
1180 3582 1223 3645 qni
1239 3580 1331 3631 coelitea
1347 3578 1406 3627 dice·

233 3643 304 3693 astte
312 3646 458 3695 crebritate.
839 3648 934 3707 banton
958 3647 1041 3697 verim
1059 3648 1130 3697 edam
1149 3661 1267 3711 eosquos
1285 3644 1357 3693 virtus
1376 3641 1404 3691 td

204 3705 209 3719 '
269 3712 309 3759 68.
339 3710 547 3775 Crnmetudirrisqru
572 3713 671 3779 nostra]
700 3713 808 3765 Consue-
840 3713 926 3762 coslum
935 3713 1058 3763 extulerat.
1090 3713 1164 3761 Unde
1173 3709 1403 3762 urcicaomirm

216 3774 294 3823 'tudo
304 3790 353 3823 non
364 3777 452 3840 patitur
459 3777 530 3826 fidem
537 3778 657 3843 publicam
667 3779 747 3831 valere
757 3777 808 3829 sinti
840 3778 931 3828 animos
942 3777 1085 3828 immortale
1094 3792 1157 3835 case,
1173 3777 1216 3827 sed
1226 3777 1323 3826 tortium
1338 3777 1405 3823 bono·

184 3842 189 3862 ¹
235 3838 330 3891 senatis
340 3841 486 3892 motoriute.
841 3843 1052 3909 rumquedivinos·
1368 3854 1382 3864 '¹

267 3909 308 3954 70.
337 3906 496 3984 Magistrum
520 3910 617 3976 gem]
650 3909 805 3959 Tribunatum
870 3913 911 3961 91.
928 3908 1010 3959 Maru
1029 3906 1193 3971 Μίνω]
1233 3898 1403 3975 Contendit!l

235 3972 313 4037 rdcbis
321 3981 481 4036 magistrumn
491 3973 606 4041 appellat,
624 3990 695 4040 quem
712 3974 806 4024 Plutar-
838 3974 931 4025 inobis
941 3969 1186 4024 viriseelebrcaturil
1196 3969 1238 4037 qui
1248 3966 1405 4035 priorum

235 4039 294 4088 chus
304 4038 433 4089 moluisse
443 4038 524 4095 tradit,
566 4039 696 4095 intriberis
704 4040 807 4104 ejusmo·
838 4040 924 4091 maan
934 4047 997 4098 snut,
1015 4039 1090 4105 qudd,
1109 4046 1136 4089 et
1143 4037 1186 4104 qni
1196 4037 1279 4085 virent
1288 4044 1340 4102 post
1349 4046 1405 4082 mor·

232 4103 410 4154 onerassent
420 4104 522 4169 insignia
548 4104 661 4154 tunna
697 4138 699 4143 «
840 4113 1010 4163 temnostrun,
1026 4105 1154 4156 uosctim
1163 4103 1405 4166 homnbuspmseou·

263 4172 309 4218 74.
337 4168 528 4234 inumerabiles]
573 4222 574 4225 ,
609 4178 646 4218 ert
670 4168 808 4233 Eutropius,
839 4172 958 4230 turisint3
974 4168 1177 4229 cerdaniensi
1195 4184 1276 4220 somn
1296 4160 1405 4215 menodt

220 4230 278 4278 'lib
289 4236 313 4282 6.
324 4242 429 4285 trecenta
437 4235 595 4301 qnadraginta
611 4234 685 4284 millia
700 4234 809 4283 Cimbro·
839 4235 948 4301 injuriam
958 4235 1067 4287 iacimus.

236 4297 459 4363 conuentorum,
475 4309 501 4352 et
518 4300 674 4358 Ambronurn,
693 4300 809 4350 occidisse
873 4303 914 4351 9⁵.
930 4300 1022 4366 rata]
1055 4301 1160 4360 Quaado
1174 4301 1221 4351 boc
1237 4299 1333 4349 verbum
1346 4291 1406 4358 pta

236 4356 349 4410 luriunt.
840 4367 986 4418 sumutirc
1003 4367 1110 4428 sortitur,
1131 4366 1248 4433 siggim
1266 4360 1359 4431 W
1374 4354 1406 4406 k·
