2959 4959
79 333 150 395 ess
606 324 702 393 ruo
725 296 900 392 omnio.

107 451 946 629 20trierim‘tttpl‘tttl‘tttlgtttt2
961 452 1345 628 ‘amm

165 651 242 695 vera
256 629 311 696 illa
324 644 357 697 et
369 630 490 695 directa
503 629 603 693 ratio:
625 627 733 693 rinost
751 623 924 713 aliquando
947 626 1108 712 cupiditas
1132 627 1345 713 voluptasque

165 716 344 794 rationem3
366 713 611 781 dummoddilla
632 714 668 779 in
693 713 757 778 hoo
780 732 899 811 genere
922 713 1124 800 prescriptio
1149 713 1346 778 moderatio-
1412 782 1414 787 s

166 823 231 890 que
244 816 408 869 teneatur:
430 815 540 886 pareat
548 800 700 886 juventus
713 797 974 885 pudicitiarum
996 818 1039 863 ne
1054 798 1170 884 spoliet
1182 798 1319 865 alienam
1331 821 1358 863 ε·

167 909 212 954 ne
223 888 365 957 effundat
377 885 617 973 patrimonium,
632 907 674 953 ne
687 884 812 949 foenore
824 882 1014 961 trucidetur,
1037 904 1079 948 ne
1088 885 1234 950 incurrat
1246 887 1281 950 in
1295 883 1345 948 al·

107 975 266 1042 asterius
280 974 408 1039 domum
424 970 670 1072 atquefsmam:
692 992 734 1036 ne
756 970 913 1056 probrum
937 969 1040 1048 castis,
1060 967 1171 1069 ‘labem
1198 971 1247 1035 int
1317 994 1345 1046 a,

167 1060 330 1125 infamiam
346 1057 448 1135 bouis,
470 1056 602 1123 inferat:
629 1079 780 1145 nequem
795 1057 827 1121 vi
842 1068 977 1121 terreat:
1003 1077 1045 1120 ne
1058 1067 1185 1120 mtemrt
1199 993 1342 1122 inereduli:

166 1143 285 1210 aoelere
298 1155 421 1208 careat:
447 1143 621 1229 postremo,
647 1143 719 1210 edm
733 1144 876 1229 paruerit
888 1140 1114 1229 voluptatibus,
1134 1139 1262 1206 dederit
1283 1142 1345 1207 ali-

167 1228 243 1331 quid
258 1241 321 1293 tem
367 1231 410 1293 riu
425 1230 465 1293 nd
480 1230 592 1295 ludum
607 1231 718 1307 aetutis,
746 1240 842 1378 atque
854 1228 897 1293 ad
911 1229 1020 1293 inanes
1037 1226 1132 1292 hasce
1153 1226 1345 1293 adolescen-

165 1329 219 1379 tras
232 1315 305 1415 cupi
329 1315 421 1380 itates
429 1338 438 1392 ;
462 1329 589 1382 revocet
602 1338 636 1381 se
649 1316 776 1402 aliquan
800 1337 822 1378 o
835 1313 877 1378 ad
890 1336 1000 1380 curam
1015 1314 1062 1378 rei
1076 1313 1268 1392 domestica,
1290 1316 1345 1379 rei

106 1416 155 1479 90
165 1398 308 1480 sorensis,
330 1401 379 1466 rei
393 1400 531 1486 publicoe'
539 1426 548 1478 ς
575 1414 612 1467 ut
625 1424 673 1479 ea,
699 1422 771 1488 quae
786 1400 910 1465 ratione
923 1396 1019 1465 antei
1032 1421 1098 1464 non
1121 1415 1341 1484 perspexerat,

163 1486 308 1551 satietate
321 1487 481 1574 abjecisse,
497 1491 691 1573 experiendo
705 1486 941 1586 contempsisse,
952 1484 1107 1550 videatur.
1136 1486 1184 1550 At
1192 1484 1296 1563 multi,
1306 1498 1344 1551 et

162 1571 277 1638 nostris
289 1585 322 1639 et
334 1586 463 1659 patrum
478 1574 697 1661 majorumque
710 1570 875 1650 memorii,
895 1571 1030 1658 judices,
1052 1570 1169 1636 summi
1193 1569 1344 1636 homines

163 1672 197 1723 et
211 1656 376 1723 clarissimi
391 1660 475 1724 cives
496 1659 634 1736 fuerunt,
657 1680 795 1746 quorum
809 1656 883 1721 cim
905 1656 1128 1723 adolescentiae
1148 1655 1342 1741 cupiditates

163 1743 430 1822 ”deferbuissent
452 1746 578 1811 eximiae
592 1745 734 1822 virtutes,
761 1742 888 1808 firmati
905 1745 975 1830 jam
999 1757 1101 1821 aetate,
1127 1744 1339 1810 exstiterunt:

107 1845 207 1907 9501
220 1831 337 1918 quibus
348 1832 506 1896 neminem
522 1831 603 1895 mihi
615 1853 743 1897 necesse
756 1846 805 1895 est
818 1829 1005 1917 nominarer
1033 1841 1155 1894 vosmet
1175 1828 1337 1895 vobiscum

165 1917 399 1995 recordemini3
436 1917 512 1982 nolo
538 1919 626 1982 euim
655 1919 839 2003 cujusquam
869 1915 959 1980 fortis
987 1927 1083 2005 atque
1117 1914 1247 1982 illustris
1278 1917 1338 1983 viri

164 2022 208 2069 ne
229 2003 397 2069 minimum
421 2003 550 2089 quidem
575 2017 714 2067 erratum
742 2023 816 2067 cum
842 1999 983 2066 maximi
1006 2000 1102 2066 laude
1125 2002 1338 2089 conjungere3

116 2082 120 2089 ’
163 2090 251 2174 quod
266 2090 292 2153 ai
307 2089 410 2154 faeere
428 2089 551 2165 vellem,
578 2088 669 2154 multi
690 2086 710 2151 d
734 2109 787 2152 me
811 2088 927 2151 summi
951 2099 1047 2175 atque
1071 2087 1264 2154 ornatissimi
1289 2088 1338 2152 vi·

164 2175 193 2237 ri
207 2174 466 2259 proediearentur,
490 2194 626 2259 quorum
641 2172 758 2259 partim
780 2172 881 2237 nimia
904 2172 1034 2238 libertus
1056 2173 1090 2238 in
1113 2172 1335 2251 adolescendi,

88 2277 151 2337 100
162 2259 281 2344 partim
295 2259 425 2344 profusa
439 2259 590 2335 luxuries,
615 2258 803 2344 magnitudo
817 2258 890 2323 aeris
914 2257 1022 2337 alieni,
1048 2273 1202 2347 sumptus,
1228 2257 1337 2323 libidi-

162 2364 230 2420 nes,
242 2343 503 2409 nominarentur:
520 2367 601 2431 qum,
611 2345 719 2409 multis
730 2343 843 2431 postea
852 2344 1023 2411 virtutibus
1040 2346 1199 2423 ⁰obteota,
1209 2343 1335 2410 odoles-

161 2427 285 2507 centioe,
309 2429 365 2514 qui
379 2428 483 2506 vellet,
507 2431 713 2496 excusatione
726 2430 920 2498 defenderet
963 2433 1012 2498 At
1024 2429 1102 2497 τετὸ
1116 2432 1151 2496 in
1167 2430 1218 2496 M.
1231 2430 1337 2496 Coelio

162 2512 282 2599 (dicam
297 2516 382 2579 eninr
392 2515 460 2602 jam
481 2515 693 2582 confidentids
718 2517 759 2582 de
780 2517 895 2583 studiis
913 2518 979 2606 ejus
1003 2517 1154 2596 honestis,
1181 2518 1333 2606 quoniam

161 2598 265 2666 audeo
280 2601 439 2690 quaedam,
454 2602 552 2668 fretus
562 2602 668 2668 restris
678 2602 844 2690 sapientiis,
859 2604 960 2670 libere
970 2604 1131 2684 confiteri)
1140 2605 1229 2670 nulla
1239 2604 1333 2670 iuxu-

84 2707 149 2770 105
160 2687 224 2751 ries
238 2689 423 2774 reperietur,
443 2689 524 2773 nulli
539 2703 692 2777 sumptus,
712 2688 836 2756 nullum
849 2712 893 2754 aea
906 2690 1055 2769 alienum,
1070 2689 1159 2755 nullu
1173 2691 1337 2756 convivio·

160 2794 232 2839 rum
248 2798 286 2839 ac
300 2772 472 2839 lustrorum
488 2775 607 2853 libid03
634 2777 719 2864 quod
735 2775 865 2863 quidem
890 2774 1003 2842 uitium
1025 2777 1144 2843 ventris
1166 2789 1200 2842 et
1222 2791 1333 2864 guttu-

159 2859 205 2923 ris
219 2881 284 2924 non
300 2858 398 2925 modd
412 2883 478 2926 non
494 2862 610 2929 minuit
623 2878 701 2928 aetas
716 2862 908 2942 hominibus,
932 2862 989 2928 sed
1014 2864 1109 2929 etiarn
1135 2878 1242 2952 auget.
1286 2866 1333 2929 A·

159 2965 266 3009 mores
279 2959 396 3024 autem,
419 2961 453 3012 et
466 2948 516 3012 hus
530 2948 654 3013 deliciae
676 2954 763 3035 (quoe
776 2952 956 3033 vocantur),
981 2971 1053 3036 qnae
1067 2947 1210 3015 firmiore
1224 2950 1333 3015 animo

159 3029 302 3114 praeditis
315 3030 434 3097 diutius
449 3033 590 3099 molestoe
604 3056 670 3099 non
682 3034 786 3098 solent
799 3057 877 3114 esse,
892 3032 1030 3120 (mature
1041 3036 1126 3100 enim
1141 3048 1173 3100 et
1188 3035 1333 3102 celeriter

82 3141 147 3203 110
159 3114 385 3189 deflorescunt)
400 3140 564 3207 nunquam
580 3119 665 3184 hune
679 3134 869 3204 occupatum
885 3121 927 3185 im
995 3121 1137 3208 'tumque
1150 3136 1333 3188 tenuerunt.

159 3200 313 3279 Audistis,
336 3201 480 3290 cumpro
494 3228 527 3268 se
540 3204 676 3270 diceret:
700 3205 834 3271 audistis
847 3229 889 3271 an
974 3205 1049 3271 cirin
1061 3222 1245 3273 aocusaret:
1261 3208 1333 3294 (de-

157 3285 307 3353 fendendi
319 3289 388 3354 haec
398 3287 504 3368 causi,
517 3313 581 3354 non
593 3289 764 3378 gloriandi,
776 3291 923 3377 loquor):
943 3313 1045 3381 genus
1054 3294 1217 3371 orationis,
1233 3293 1332 3360 facul·

156 3374 636 3460 tatem,copiamsententiurum
647 3388 742 3464 atque
753 3377 933 3457 verborum,
949 3382 1036 3466 (quae
1046 3390 1150 3445 restra
1159 3378 1336 3466 prudentia

156 3456 217 3536 ert)
230 3458 446 3543 perspexistis.
475 3461 584 3549 Atque
598 3462 631 3527 in
643 3486 682 3527 eo
693 3484 759 3527 non
774 3461 878 3528 solim
893 3463 1057 3565 ingenium
1073 3465 1197 3532 elucere
1208 3468 1274 3553 ejua
1284 3468 1333 3530 ri·

78 3573 142 3633 115
156 3540 296 3621 debetis3
312 3544 398 3631 quod
408 3542 504 3631 sepe,
514 3548 637 3613 etiamsi
648 3548 807 3614 industrii
817 3571 884 3613 non
895 3549 1001 3626 alitur,
1015 3549 1099 3619 valet
1109 3566 1215 3617 tamen
1224 3555 1331 3639 ipsum

102 3690 105 3707 ,
155 3629 219 3694 suis
233 3627 369 3695 viribus:
392 3631 447 3695 sed
462 3631 653 3718 ineratqnisi
667 3658 719 3701 mo
733 3647 865 3721 propter
879 3634 1133 3708 benevolentium
1146 3636 1229 3703 fortd
1239 3636 1334 3702 falle·

155 3714 223 3798 bat)
238 3715 320 3782 ratio
333 3729 366 3782 et
379 3715 472 3783 bonis
486 3719 608 3787 artibus
622 3722 776 3800 instituta,
792 3735 824 3787 et
837 3720 915 3788 curt
929 3734 962 3788 et
974 3723 1090 3811 vigiliis
1105 3723 1276 3791 elaborata.

406 3898 421 3927 ¹¹
436 3890 619 3970 rrfiirirr‘ent.
888 3893 1071 3957 “odrertratu.

183 4072 224 4119 90.
242 4070 377 4137 cujusquam
385 4070 477 4138 famu]
499 4070 609 4121 Catulum
625 4078 651 4119 et
668 4071 722 4121 Cn·
754 4072 796 4121 ubi
806 4073 906 4138 turpiter
922 4075 1000 4123 verstri
1016 4082 1042 4124 et
1058 4075 1221 4142 voluptatibus
1237 4078 1334 4127 crateris

149 4135 295 4186 musone
311 4137 429 4202 inteiligit,
446 4152 543 4202 quorum
560 4136 639 4185 multis
660 4136 721 4186 titiis
753 4137 884 4202 indulgent.

143 4194 228 4259 junior
245 4209 302 4250 etna
323 4204 446 4269 inquinata
468 4202 527 4262 suit3
552 4201 612 4251 virttt
639 4208 720 4253 umen
785 4209 840 4253 111.
869 4203 926 4253 Galat
947 4206 1082 4273 otum]
1125 4204 1217 4254 Ooeliua
1243 4204 1329 4255 Potuu

143 4261 287 4312 etsmemnt.
751 4269 879 4327 serravit,
900 4278 928 4321 ut
943 4269 996 4336 -jsm
1014 4272 1040 4322 ia
1056 4270 1170 4322 orationis
1188 4280 1332 4335 srpuumto

179 4329 236 4376 10⁶.
253 4326 386 4379 Luttrorun
395 4330 483 4396 libido]
500 4330 645 4381 Lustralota
655 4340 718 4391 runt,
750 4334 894 4385 dinam
1003 4350 1009 4363 ‘
