2959 4959
528 368 885 439 summersam·
960 335 962 340 ⁴
1285 376 1353 443 ur

115 497 233 582 rybdin
246 494 347 564 dico?
367 514 452 584 qua,
474 496 584 574 siluit,
607 497 667 562 fuit
681 498 799 563 animal
814 517 925 564 unum.
970 496 1119 563 Oceanus
1139 498 1296 586 (medius-
1339 559 1341 562 .

115 583 306 663 fidius).vix
320 581 448 665 videtur
462 596 511 648 tot
534 606 592 660 res,
615 596 680 649 tam
694 584 875 671 dissipatas,
899 598 964 648 tam
979 582 1171 650 distantibus
1195 583 1293 651 iulo·
1336 665 1342 672 ι

112 669 162 734 cis
187 668 318 755 positas,
341 681 407 733 tam
422 668 486 734 eitd
499 668 669 734 absorbere
682 671 832 755 potuisse.
877 668 968 735 Nihil
983 683 1052 736 erat
1065 670 1220 749 clausum,
1240 671 1303 744 ni·,

113 753 165 818 hil
189 754 404 842 obsignatum,
426 754 505 819 nihil
529 756 703 841 scriptum3
725 756 890 841 apotheooe
913 767 989 820 totae
1008 757 1215 843 nequissimis
1230 755 1291 822 ho-

111 839 260 926 minibus
284 837 582 907 ‘condonabanturz
605 840 669 907 alia
682 842 773 908 mimi
796 842 974 929 rapiebant,
996 841 1059 906 alia
1082 843 1212 906 mimaei
1231 840 1346 916 do-55

113 946 190 990 mus
214 938 284 991 erat
307 924 493 994 aleatoribus
519 927 644 1008 referta,
666 927 762 1014 plenu
786 928 965 1005 ebriorum3
996 940 1081 992 totos
1105 927 1173 992 dies
1197 940 1290 1013 pota·

113 1011 223 1089 batur,
247 1025 339 1099 atque
359 1012 392 1076 id
407 1012 484 1077 locis
508 1014 674 1099 pluribus:
697 1012 970 1101 *suggerebantur
987 1015 1083 1077 etiam
1097 1010 1183 1099 sape
1209 1019 1290 1096 (non

106 1097 203 1161 enim
226 1118 347 1182 semper
361 1097 419 1163 iste
440 1096 532 1178 felix)
555 1098 675 1163 danuna
696 1098 866 1164 aleatoris:
889 1098 1097 1183 conchyliatis
1114 1100 1175 1164 Cn.
1192 1097 1302 1166 Pom-r

108 1183 179 1268 pm‘i
193 1184 422 1268 peristromatis
437 1206 599 1250 servorum
613 1185 647 1248 in
658 1184 854 1250 cellislectos
865 1197 980 1249 stratos
990 1184 1123 1249 videres.
1166 1183 1299 1260 Quam-v

90 1263 232 1332 ‘obrem
252 1263 387 1333 desinite
408 1270 530 1349 mirari,
555 1268 624 1335 haec
649 1283 716 1336 tam
733 1270 879 1336 celeriter
893 1293 959 1335 esse
974 1283 1172 1356 consumpta
1208 1269 1285 1335 Non
1300 1286 1348 1347 60

110 1352 316 1419 moddunius
348 1356 566 1433 strimonium,
579 1354 724 1443 quamvis
733 1357 887 1444 amplum,
903 1354 1030 1420 utillud
1044 1355 1113 1432 fuit,
1129 1354 1184 1420 sed
1194 1354 1291 1422 urbes

16 1472 20 1484 ·
109 1435 143 1504 et
157 1461 270 1526 regna,
291 1375 436 1505 celeriter
459 1442 573 1510 branta
584 1443 726 1529 nequitia
737 1443 891 1510 devorare
905 1442 1068 1529 potuisset.
1085 1440 1289 1526 Atejusdem

16 1545 17 1580 1
111 1524 198 1588 aedes
212 1526 307 1589 etiarn
326 1538 360 1590 et
373 1526 496 1592 hortos.
544 1528 576 1593 Ο
590 1529 756 1594 audaciam
778 1525 971 1593 immanem!
997 1542 1031 1593 tu
1053 1528 1148 1591 etiam
1163 1525 1290 1614 ingredi

108 1608 203 1673 *illam
217 1609 349 1675 domurn
360 1635 455 1677 ausus
469 1613 528 1678 es?
548 1627 584 1678 tu
595 1614 675 1679 illud
686 1616 919 1679 sanctissimum
930 1613 1028 1679 limen
1039 1610 1182 1677 intrare?
1204 1625 1238 1676 tu
1249 1612 1290 1675 il·

111 1694 415 1763 larnm‘oedium‘diis
425 1699 595 1785 penatibus
603 1723 639 1778 oa
647 1701 954 1786 importunissimum
965 1696 1158 1766 ostendere?
1180 1697 1289 1775 Quam
1301 1715 1345 1775 65

113 1780 246 1846 domum
261 1782 303 1847 ali
349 1784 457 1849 amdiu
483 1809 579 1851 nemo
594 1786 757 1873 adspicere
778 1797 913 1871 poterat,
937 1783 1033 1849 nemo
1058 1782 1126 1848 sine
1141 1783 1289 1871 lacrymis

112 1869 287 1953 praeterire,
333 1884 418 1935 acte
439 1872 473 1935 in
488 1871 586 1936 domo
608 1871 729 1938 tamdiu
751 1872 903 1936 diversari
929 1893 995 1934 uon
1019 1866 1142 1956 pudet?
1162 1870 1195 1932 in
1211 1867 1288 1954 qui,

81 2011 84 2017 ,
112 1953 257 2044 quamvls
272 1954 353 2019 nihil
367 1978 401 2020 sa
425 1957 484 2037 ias,
507 1971 613 2023 tamen
627 1957 709 2022 nihil
728 1958 787 2022 tibi
801 1970 905 2042 potest
918 1979 984 2021 esse
1000 1954 1191 2041 jucundum.
1233 1954 1290 2018 An

112 2052 150 2103 tu
164 2038 220 2104 illa
233 2040 267 2104 in
280 2042 381 2108 vestib
416 2065 436 2105 o
451 2060 564 2123 rostra,
587 2043 699 2130 spolia,
715 2041 787 2110 oium
801 2041 985 2128 adspexisti,
1009 2041 1141 2106 domum
1157 2053 1244 2103 tuam
1257 2049 1297 2122 te

112 2123 247 2189 introire
260 2125 378 2213 putas?
408 2127 493 2193 Fieri
507 2151 574 2195 non
588 2137 711 2216 potest:
734 2125 879 2216 quamvis
893 2129 978 2193 enim
994 2124 1063 2191 siue
1079 2135 1195 2202 mente,
1217 2123 1287 2188 sine
1302 2143 1348 2210 70
1423 2131 1427 2140 '

112 2231 206 2277 sensu
219 2213 270 2292 sis,
285 2226 323 2278 ut
336 2237 380 2293 es,
395 2225 502 2281 tamen
516 2230 548 2280 et
563 2230 604 2295 te,
620 2229 652 2283 et
666 2230 730 2295 tua,
747 2227 875 2293 ettam,
891 2215 995 2292 ndsti3
1018 2235 1078 2278 nec
1093 2209 1169 2276 verd
1182 2223 1214 2276 te
1229 2228 1292 2276 uu·¹

113 2319 220 2384 quam,
245 2321 354 2386 neque
370 2300 568 2387 vigilantem,
591 2302 751 2391 usquein
774 2303 903 2378 somnis,
928 2301 1025 2366 credo
1049 2299 1173 2364 ‘mente
1197 2319 1293 2383 posse

111 2387 296 2452 consistere.
340 2386 476 2454 Necesse
496 2402 555 2468 est,
579 2386 736 2477 (quamvis
761 2389 873 2466 siant
898 2410 941 2466 es,
968 2386 1157 2468 [violentus]
1183 2394 1216 2449 et
1239 2381 1292 2448 fu-

109 2642 324 2710 ¹⁴dombtmtur0
362 2631 613 2736 ‘audiiciedautum
654 2651 760 2711 branta
768 2646 972 2730 prodigalitas.
1012 2640 1295 2724 *tranquillatum

108 2967 163 3017 ”rste
173 2971 293 3034 quoddam
304 2971 406 3020 immane
416 2969 516 3018 iabrrlati
526 2977 587 3017 sunt.
621 2968 687 3019 Vide
718 2964 885 3014 suurnhabere
899 2963 971 3010 deum
983 2959 1151 3014 Limentinum,
1168 2957 1208 3005 cui
1224 2969 1291 3005 sacra

118 3034 162 3084 Vir
177 3035 202 3084 il.
214 3037 315 3085 AEne'id.
323 3039 347 3085 8.
485 3071 489 3078 .
719 3038 794 3078 erant.

149 3052 189 3148 5g1.
208 3100 384 3166 Madiufidius]
418 3099 561 3149 Vichmt.
577 3098 688 3163 proMil.
753 3097 793 3144 65.
812 3088 1016 3164 Desperatum]
1047 3086 1089 3163 Dii
1100 3092 1197 3151 penates
1207 3084 1291 3131 dome·

118 3180 210 3230 paragr.
220 3169 269 3216 xri.
279 3176 328 3214 not.
341 3167 371 3215 ad
383 3166 425 3213 lin.
438 3168 463 3214 9.
653 3165 655 3172 ’
720 3160 773 3209 atici
783 3159 885 3216 suerunt,
902 3166 929 3205 ut
945 3155 979 3202 ait
988 3153 1040 3201 Cre.
1050 3153 1104 3229 (iria.
1120 3155 1144 3199 2.
1157 3151 1188 3198 de
1197 3145 1290 3225 ilatum

150 3233 190 3278 54.
209 3223 340 3293 liparim]
373 3230 506 3295 Apothecae
523 3228 648 3284 locarunt,
665 3227 690 3275 in
721 3226 840 3286 Deorum)
849 3225 882 3272 ita
892 3222 950 3270 dicti
962 3218 1027 3283 qudd
1039 3230 1162 3283 peuesnoa
1173 3221 1291 3290 natarunt,

119 3295 207 3359 quibus
214 3295 393 3352 rinummleum,
404 3305 429 3344 et
437 3295 483 3344 alia
491 3296 515 3344 id
526 3309 610 3360 genus,
620 3305 689 3357 repo·
721 3291 760 3339 vel
771 3287 841 3352 qudd,
848 3305 896 3336 non
905 3285 975 3350 longe
987 3283 1065 3331 absint
1074 3281 1105 3329 ab
1115 3281 1160 3328 hae
1170 3277 1229 3344 asta,
1240 3294 1291 3327 aras

119 3364 217 3408 nuatur.
722 3354 787 3420 qudd
799 3353 897 3417 penitius
904 3352 1031 3400 insideant

154 3423 196 3472 58.
214 3421 306 3470 Damae
325 3422 450 3486 mauu]
489 3423 607 3473 Antonius
626 3421 690 3484 sape
755 3419 792 3467 Ib.
810 3420 840 3467 Os
857 3412 1089 3488 immacutatum]
1105 3410 1148 3465 Os,
1170 3408 1292 3487 propultu

119 3503 231 3554 magnam
242 3486 472 3553 pecuninjacturarn
482 3487 689 3538 alealudisiacie·
720 3485 759 3533 rel
770 3484 882 3561 singulari
894 3477 1293 3548 quidamaudacraettementste,
1322 3529 1324 3534 ,

120 3556 171 3605 bat.
739 3560 824 3597 onrtur.

153 3619 191 3668 lb.
210 3616 381 3683 Cmelyliutu]
414 3617 690 3685 AitCioerocouchylia·
720 3566 941 3674 postfuturum]
975 3608 1124 3659 Vestibulum
1141 3604 1203 3668 saepe
1220 3603 1291 3684 sumi:

119 3684 152 3734 fis
166 3683 336 3749 peristromatis
351 3681 397 3731 Cn.
407 3682 514 3748 Pompeii
526 3684 596 3732 lector
607 3685 631 3732 in
642 3699 691 3734 aer·
723 3689 761 3729 tur
776 3695 818 3744 pro
830 3678 881 3725 loco
892 3686 947 3724 ante
961 3676 1024 3723 adea
1034 3688 1119 3727 vacuo,
1136 3686 1178 3734 per
1195 3685 1294 3744 querna

120 3765 204 3797 rorum
214 3747 280 3800 c'ellis
291 3756 377 3798 stratos
391 3747 473 3797 fuisse.
506 3747 638 3813 Conchylia
649 3765 691 3797 au·
722 3745 764 3794 vid
782 3744 860 3792 aditus
876 3755 1031 3805 accessusque
1046 3740 1076 3786 ad
1094 3738 1158 3785 sedes
1176 3744 1228 3793 est;
1249 3732 1294 3780 alr·

120 3822 173 3861 tem
184 3824 237 3862 sunt
254 3817 351 3864 conchas
361 3814 456 3862 marinae
474 3828 561 3875 genera
575 3815 692 3876 quaedam,
724 3809 821 3876 quando
831 3823 874 3872 pro
885 3807 943 3855 atrio
955 3806 1026 3853 etiam
1038 3808 1173 3872 usurpatur..

140 3893 223 3925 uorum
243 3895 272 3927 ea
292 3880 407 3944 sanguine
429 3892 534 3946 purpura
552 3877 692 3941 tingebatur.
758 3874 796 3925 lb.
813 3872 914 3936 Rostra]
937 3870 1294 3936 Rotuaearumnavrumqum

121 3894 189 3994 lide
199 3942 263 3992 Plin.
274 3944 315 3996 lib.
327 3949 350 3994 9.
725 3941 789 3989 bello
817 3939 898 3987 iraticu
909 3944 1013 4001 ceperat,
1030 3928 1210 4004 erantlafftxefn
1222 3930 1294 3969 vesli-

155 4011 197 4058 59.
214 4005 395 4075 Peristromstis]
428 4008 597 4058 Peristrornata
620 4006 694 4055 aaran
725 4006 782 4054 bulo
792 3956 892 4062 dirmilu
909 4018 962 4066 qua
979 4011 1027 4047 tam
1042 3996 1150 4071 religiose
1165 3991 1204 4035 lue
1214 4000 1295 4062 ‘asscr-

120 4084 189 4133 suat,
205 4083 231 4123 at
243 4073 345 4138 stragula
355 4075 504 4124 vestimenta.
725 4072 849 4127 rebantur,
865 4077 943 4136 ut'rrec
954 4070 1055 4127 emptori
1062 4074 1102 4107 aas
1113 4054 1194 4104 tollere
1204 4050 1296 4099 luceret.

157 4144 196 4190 68.
214 4139 283 4188 AEdes
303 4149 325 4189 et
346 4139 437 4204 hortm]
470 4137 590 4189 Antonius
609 4135 695 4200 nempe
727 4134 998 4194 Plin.lib.35.cap.2.

123 4193 219 4270 ingredi
240 4221 311 4255 ausus
331 4214 377 4263 est,
403 4215 524 4257 atemere
543 4204 633 4271 positos
652 4202 697 4251 sub
752 4184 1111 4312 Ι71,.ωξο,ιιῐωειιαῐ,”εῐευὲιωιᾶ
1121 4182 1174 4296 ἐξ,
1184 4178 1297 4296 ἴω·

125 4270 203 4385 hugi·
221 4335 363 4386 ‘¹
363 4351 387 4384 ra
405 4336 493 4452 timer.)
538 4335 651 4385 Sanctam
670 4333 698 4381 li·
729 4275 795 4386 {illl
809 4330 834 4379 in
845 4278 935 4408 gaidad
947 4289 1061 4382 omnibus,
1070 4314 1211 4390 inimi-⁸9⁸²
1220 4311 1301 4402 Auge*

126 4401 467 4475 nsca¹appellat,quislisoiua
492 4398 701 4476 ugebantantigni
731 4396 794 4453 atu,
972 4439 1067 4528 πθ
