2959 4959
61 261 68 277 ’
119 312 189 381 ιιιΑ
544 315 597 381 nr
619 311 991 417 curtulum-1121:

173 455 207 508 at
228 440 384 508 auxilium
409 442 502 508 nobis
530 440 680 518 tulerunt,
713 451 751 506 ut
778 463 832 505 eos
858 440 952 527 paone
980 441 1081 508 oculis
1106 440 1212 506 uidere
1235 456 1347 528 possa·

173 550 254 594 mus.
299 527 395 608 Nam,
419 541 454 593 ut
477 526 530 591 illa
551 527 706 603 omittam,
730 526 810 590 visas
830 540 989 592 nocturno
1013 541 1157 614 tempore
1181 529 1221 592 ab
1246 527 1343 593 Occi·

173 613 270 679 dente
283 614 379 692 faces,
406 612 615 699 ardoremque
628 613 710 690 coeli,
734 624 771 677 ut
790 610 959 677 fulminum
979 614 1096 699 jactus,
1120 627 1155 679 ut
1169 627 1260 679 terroe
1273 635 1343 678 mo·

155 712 234 776 -tus,
266 714 451 785 caeteraque,
476 720 547 783 quoe
576 711 642 762 tum
667 697 778 776 multa,
809 698 902 764 nobis
926 699 1118 777 consulibus,
1152 699 1342 776 factasunt,

118 797 161 853 40
174 797 211 850 ut
234 785 314 861 hoec,
345 807 417 871 quae
444 804 530 848 nuria
558 783 650 861 fiunt,
681 793 819 849 ecanere
847 784 894 848 dii
921 784 1115 851 immortales
1143 787 1343 861 riderentur;

173 870 237 937 lroo
250 867 345 945 certi,
370 868 523 946 Quirites,
546 870 633 956 quod
655 893 724 933 sum
739 869 892 946 dicturus,
914 892 1018 957 neque
1035 871 1348 956 praetermittendum

174 979 197 1025 n
232 958 277 1021 ‘ue
291 953 531 1041 relinquendum
554 969 612 1020 est.
655 952 739 1020 Nam
757 954 899 1041 prolecto
921 955 1077 1020 memoriis
1099 957 1223 1034 tenetis,
1248 956 1349 1021 Cous

140 1040 145 1047 ’
174 1056 207 1108 et
235 1041 261 1107 Γ
261 1053 394 1127 orquato
420 1038 511 1105 Coss.
536 1041 715 1128 complures
738 1042 772 1106 in
797 1040 956 1128 Capitolio
979 1056 1081 1107 turres
1106 1042 1148 1106 de
1172 1043 1256 1108 coelo
1280 1061 1350 1107 esse

173 1148 344 1213 percussas,
368 1124 439 1188 curn
461 1142 494 1191 et
508 1127 677 1193 simulacra
697 1126 837 1192 deorum‘
857 1126 1083 1193 immortalium
1108 1127 1241 1212 depulsa
1262 1139 1352 1204 sunt,
1427 1141 1432 1150 ·

118 1223 160 1281 45
173 1226 204 1277 et
228 1223 341 1275 atatuae
366 1225 507 1277 veterum
533 1213 698 1278 hominum
724 1212 866 1292 de'ectae,
888 1225 921 1278 et
949 1214 1053 1300 legum
1081 1235 1145 1277 aeru
1168 1212 1352 1299 liquefacta.

174 1297 294 1361 Tactus
308 1311 355 1362 est
369 1297 462 1363 etiam
483 1298 546 1375 ille,
568 1299 623 1384 qui
646 1299 728 1363 hunc
745 1237 867 1364 lirbem
883 1298 1036 1376 condidit,
1061 1296 1227 1375 Romulus,
1249 1320 1350 1383 quem

172 1383 354 1457 inauratum
370 1385 402 1447 in
419 1383 589 1469 Capitolio,
613 1406 745 1469 parvum
760 1398 855 1471 utque
867 1385 1047 1462 lactentem,
1063 1383 1213 1449 uberibus
1228 1383 1349 1467 lupinis

172 1467 360 1546 inhiantem,
382 1468 477 1533 fuisse
501 1470 696 1537 meministis.
741 1470 817 1546 Quo
832 1468 959 1557 quidem
981 1482 1136 1555 tempure,
1160 1467 1231 1533 crim
1249 1468 1350 1531 haru-

172 1554 276 1639 spices
290 1577 331 1622 ex
344 1551 412 1619 toti
429 1554 558 1620 Etrurii
568 1557 799 1633 conuenissent,
811 1557 913 1621 caedos
923 1569 1018 1643 atque
1027 1555 1182 1631 incendia,
1192 1570 1225 1619 et
1238 1554 1348 1639 legum

119 1651 161 1708 50
173 1639 348 1718 interitum,
371 1657 404 1705 et
424 1640 542 1705 bellum
561 1640 653 1705 civile
677 1653 709 1705 et
723 1641 943 1719 domesticum,
965 1657 997 1705 et
1012 1642 1110 1705 totius
1130 1640 1230 1705 Urbis
1252 1653 1349 1725 atque

173 1725 298 1811 imperii
310 1732 467 1804 occasum,
479 1727 736 1814 appropinquare
745 1726 907 1802 dixerunt,
918 1727 979 1791 nisi
988 1727 1035 1791 dii
1044 1724 1247 1802 immortales,
1259 1724 1349 1788 omni

174 1812 299 1876 ratione
314 1811 438 1897 placati,
461 1811 539 1878 ‘suo
550 1814 681 1877 numine
695 1809 797 1899 propia
811 1812 876 1878 fata
885 1813 956 1898 ipsa
966 1812 1137 1877 flexissent.
1168 1812 1288 1898 ltuque,
1303 1830 1349 1874 ex

175 1897 303 1963 illorum
321 1899 487 1983 responsis,
503 1914 579 1962 tunc
594 1913 626 1963 et
640 1898 706 1963 ludi
721 1899 830 1963 decem
845 1920 903 1985 per
918 1898 985 1962 dies
994 1897 1069 1963 facti
1080 1911 1170 1975 sunt;
1187 1919 1290 1984 neque
1298 1917 1348 1958 res

175 1982 250 2061 ulla,
261 2007 334 2071 quoe
343 1984 384 2049 ad
396 1984 585 2070 placandum
598 1983 674 2049 deos
687 1985 871 2068 pertineret,
883 1984 1095 2068 praetermissu
1107 1998 1170 2048 est:
1189 1981 1349 2068 iidemque

89 2078 91 2085 ’
114 2069 332 2154 &jusserunt
352 2070 554 2134 simulacrum
579 2069 668 2133 Jovis
682 2071 786 2135 t‘acere
799 2070 913 2157 majus,
935 2083 968 2133 et
982 2070 1015 2131 in
1030 2068 1155 2133 excelso
1177 2068 1346 2144 collocare,

174 2168 218 2234 et,
229 2152 341 2220 contri
354 2169 448 2240 atque
462 2152 537 2217 ante
550 2153 663 2233 fuerat,
678 2153 719 2218 ad
735 2155 901 2219 Orientem
915 2166 1098 2218 convertere
1107 2177 1115 2217 ε
1124 2170 1129 2175 ·
1138 2176 1176 2218 ac
1191 2176 1224 2215 se
1237 2174 1348 2237 spera·

419 2462 648 2540 ‘presentiam
703 2534 707 2543 ,
889 2460 959 2521 ‘sad
964 2470 1112 2543 potestate.

208 2847 249 2895 36.
269 2843 300 2892 Ut
315 2846 370 2909 θοι]
401 2843 432 2892 Id
450 2851 494 2901 eal,
516 2846 574 2894 (laos
593 2843 674 2894 videre
690 2860 744 2908 put·
809 2842 847 2893 lb.
864 2845 949 2911 lageos
969 2846 1034 2910 m]
1083 2845 1174 2909 legum
1194 2860 1240 2892 aera
1260 2843 1349 2907 siguifi-

176 2923 264 2965 aeuaus,
280 2908 334 2956 licet
352 2908 427 2957 videri
443 2925 490 2957 uon
509 2909 604 2972 possint.
638 2908 667 2956 ld
686 2909 746 2957 dicit
777 2909 977 2959 eantDuodem'm
987 2908 1130 2958 Tabularum
1147 2910 1221 2974 leges,
1243 2926 1302 2973 quus
1323 2909 1348 2956 in

177 2983 274 3038 propter
290 2973 396 3037 prodigia
407 2990 458 3049 rprae
474 2974 510 3021 his
521 2974 604 3050 <liebus
615 2975 664 3021 visa
681 2980 744 3030 sunt,
777 2989 823 3049 agre
850 2974 979 3038 descriptas
1004 2976 1075 3023 luisse
1094 2986 1177 3022 ¹murat
1202 2974 1231 3022 T.
1259 2972 1348 3030 Lirius,

176 3038 749 3168 qugiillllrmdogsilinllimssrcleleipubliggiiliilliiil
777 3039 995 3167 hb4ti51iourulus]
1030 3103 1078 3152 Per
1092 3103 1229 3160 Romulum,
1251 3102 1350 3152 Romuli

176 3167 366 3225 statuerimus,
391 3183 444 3232 quas
461 3178 558 3216 cometa>
578 3167 648 3245 vulpi)
664 3169 748 3216 dicun·
778 3176 878 3216 statuam
888 3167 1001 3231 intellige.

106 3253 109 3259 ·
178 3241 230 3293 tnr3
256 3233 331 3282 nens
356 3240 434 3282 antem
455 3231 571 3296 ejusmodi
596 3232 659 3279 aliud
686 3231 746 3280 nihil
809 3236 849 3282 47.
874 3233 1032 3296 laetantem}
1064 3231 1181 3282 Romulus
1205 3248 1290 3296 sugens
1312 3232 1349 3281 lac

176 3298 313 3411 cappitbrpp'im
324 3298 364 3346 aiis
381 3312 501 3354 accensus,
520 3297 560 3361 qui
570 3297 646 3345 varias
661 3298 746 3361 figuras
777 3297 848 3408 ¹1:po
864 3307 889 3345 et
909 3306 991 3362 aperto
1010 3313 1049 3345 uro
1069 3309 1177 3362 cuptaus,
1198 3304 1349 3362 repraesenta-

794 3372 853 3410 atur.

210 3424 747 3492 aa.sumtuumjmur.]vargunreius1’om-
810 3430 851 3475 48.
869 3425 1001 3488 Harrupr'cas
1015 3441 1040 3472 aa
1059 3429 1105 3473 tutti
1127 3427 1243 3490 Etr-ariri]
1286 3423 1350 3472 Aru·

177 3490 246 3555 peius
257 3490 288 3537 de
298 3490 359 3540 culo
368 3491 513 3552 exanimatus
523 3501 567 3539 est.
778 3492 875 3568 spicinoe
886 3506 933 3555 pra
959 3491 1050 3539 caeteris
1066 3493 1142 3540 dediti
1157 3494 1251 3541 luerunt
1267 3489 1350 3538 Etrus·

211 3552 249 3603 Iu.
268 3552 436 3620 Tenemus]
461 3553 538 3603 Terrae
548 3555 747 3620 motuSpolatum
777 3571 808 3611 ar,
819 3557 883 3620 apud
894 3572 953 3633 quos
963 3555 1041 3620 Tages
1057 3556 1110 3620 ejus
1120 3558 1250 3621 discipline
1265 3554 1350 3602 iuren—
1399 3554 1402 3561 '

177 3627 254 3669 totum
268 3635 406 3668 concussum
419 3626 464 3675 est,
480 3628 506 3668 et
521 3621 630 3684 quadam
646 3620 748 3669 edificia
778 3628 815 3669 tor
832 3621 935 3678 asstitit,
957 3619 1028 3668 ἱιιιιιιὸ
1047 3636 1076 3668 ex
1095 3621 1189 3671 senatis
1209 3621 1350 3671 auctoritate

176 3694 320 3735 corruerunt.
353 3683 416 3732 Vide
435 3684 475 3732 lib.
486 3691 519 3735 ,1.
538 3687 568 3734 de
585 3685 748 3743 Divinatione,
778 3686 899 3749 quondam
913 3687 1033 3734 decretum
1044 3695 1089 3744 est,
1105 3696 1133 3735 at
1150 3704 1190 3736 sex
1201 3689 1242 3735 filii
1262 3685 1351 3749 priuci-

157 3746 221 3799 ”ubi
242 3750 321 3798 omnis
340 3749 391 3798 hac
406 3749 516 3814 prodigis
536 3752 640 3800 versibus
662 3750 746 3800 Cioeru
779 3766 835 3815 pum
857 3751 953 3814 singulis
974 3750 1073 3800 Etruria
1092 3753 1199 3816 populis,
1218 3753 1262 3801 hle
1277 3750 1350 3800 disci·

177 3823 366 3882 persecutusest.
779 3815 845 3878 plina
865 3816 1010 3872 instituendi,
1028 3817 1182 3877 traderentur,
1202 3833 1234 3866 na
1253 3832 1292 3867 ars
1308 3817 1351 3865 illa

210 3879 363 3933 aasentias
375 3879 482 3943 Torquato
492 3878 562 3944 Cata]
595 3878 667 3928 Anno
676 3880 747 3929 Urbis
779 3881 909 3929 vilesceret.

177 3947 279 3997 condita
290 3946 346 4001 688,
365 3961 412 4009 quo
422 3954 528 4008 temporo
544 3944 607 4009 prior
616 3943 747 4009 conjuratio
810 3948 852 3997 52.
871 3946 942 4008 Propi
953 3946 1031 4022 satu]
1075 3943 1179 3993 Decreta
1197 3947 1287 4003 divina,
1307 3963 1349 3994 seu

177 4012 242 4061 tacu
253 4021 304 4071 ast,
319 4012 351 4058 de
362 4010 409 4075 qul
419 4010 551 4059 Sallustius.
776 4010 834 4066 iatn,
848 4011 964 4060 immutari
981 4026 1030 4061 nun
1039 4019 1150 4073 possunt:
1168 4019 1201 4063 at.
1216 4011 1351 4065 secsmdr‘rm

211 4081 252 4127 4³.
270 4078 393 4139 Complures
402 4078 426 4123 iu
443 4075 569 4139 Capitolia]
602 4072 651 4123 Ara
669 4074 746 4123 muni·
776 4075 1072 4140 ‘lagoumtuntrimdecem
1082 4090 1156 4125 anuos
1166 4075 1255 4124 ditierri
1265 4088 1350 4141 potne-

178 4139 328 4191 tissimserat
344 4141 368 4189 in
384 4156 440 4189 saro
454 4140 565 4204 Tarpeio,
581 4138 607 4187 in
624 4138 673 4204 quir
692 4156 746 4189 arcu
777 4151 838 4189 ruat.
881 4166 884 4173 ·

178 4204 425 4266 plureseranttunes.
579 4212 580 4215 ’
810 4208 851 4254 58.
869 4204 931 4252 Ludi
948 4205 1142 4271 imperdita]
1175 4206 1198 4254 0
1218 4204 1350 4254 caritatem

95 4318 98 4325 ,
211 4272 251 4318 45.
267 4271 371 4336 Statue]
404 4272 492 4321 Statum
506 4268 562 4317 olim
583 4269 615 4317 ad
635 4276 746 4318 uternam
778 4269 915 4318 hominum!
931 4270 1001 4334 quasi
1017 4266 1079 4320 ludis
1089 4272 1206 4336 ejusmodi
1223 4271 1259 4318 dii
1269 4270 1353 4334 plana-

175 4334 320 4398 posteritatis
331 4337 466 4389 memoriam
475 4335 508 4384 ibi
519 4342 603 4384 erecta
613 4333 713 4385 fuerant.
779 4341 866 4387 rentur.
969 4376 971 4381 .
