2959 4959
504 360 599 428 ruo
621 358 899 428 maacauuo,
1236 323 1240 329 ⁴
1278 375 1350 435 aas

116 490 171 556 sed
192 504 264 557 tom
290 489 326 555 id
346 488 527 568 ‘'andirem,
550 491 575 554 si
598 490 656 555 tibi
677 490 735 555 soli
756 492 888 569 viveres,
909 503 964 557 aut
985 492 1012 556 ai
1033 491 1091 558 tibi
1105 493 1199 558 etiam
1225 491 1347 560 solist

116 589 213 642 natus
233 598 329 641 esses.
373 575 479 653 Nunc,
508 575 579 641 clm
603 577 748 641 omnium
772 577 904 643 salutem
927 578 1053 655 civium,
1076 593 1220 644 cunctam
1245 601 1285 644 ue

116 662 362 748 rempublicam,
373 682 423 725 res
435 672 500 726 tuoe
513 675 611 749 gestoe
625 663 802 748 complexae
816 664 889 738 sint,
904 661 1026 728 tantbm
1042 663 1116 728 abes
1131 661 1152 727 a
1165 601 1283 750 pallo·

115 750 208 813 tione
221 747 433 812 maximorum
447 768 591 832 operum,
619 760 654 812 ut
667 747 881 827 fundamenta,
902 771 975 835 quae
997 750 1127 836 cogitas,
1142 750 1284 814 nondum

113 833 244 919 jeceris.
291 830 358 897 Hic
381 846 416 897 tu
439 832 594 897 ‘modum
617 836 785 911 tutantia,
808 833 873 898 non
896 834 995 899 salute
1016 835 1206 920 reipublicae,
1229 835 1284 899 sed

120 919 273 1004 aequitate
293 919 402 996 animi,
424 917 577 983 definies?
613 918 713 996 Quid,
744 920 770 982 si
794 920 876 985 istud
892 942 938 984 ne
946 918 1059 1007 gloriae
1079 920 1206 1007 quidem
1221 928 1345 986 tuaeso

119 1005 199 1068 satis
213 1003 286 1068 est?
299 1005 387 1088 cujus
397 1016 428 1068 te
441 1026 508 1069 esse
520 1003 744 1082 avidissimum,
757 1005 899 1091 quamvis
909 1007 950 1069 sis
964 1006 1096 1092 sapiens,
1110 1027 1174 1071 non
1189 1028 1286 1094 nega·

120 1090 185 1153 bis.
198 1089 372 1153 Parum-ne
382 1089 766 1178 igitur,finquies,gloriam
777 1112 923 1176 magnam
936 1089 1167 1177 relinquemus?
1179 1089 1284 1156 lmmb

120 1171 201 1238 verb
215 1174 292 1251 aliis,
307 1176 452 1260 quamvis
466 1175 584 1254 multis,
600 1174 674 1240 satis
681 1200 691 1252 ;
713 1176 772 1240 tibi
794 1178 848 1240 uni
870 1174 1001 1260 partlm3
1044 1175 1176 1263 uidquid
1199 1176 1284 1241 enim

120 1274 180 1337 est,
195 1262 336 1345 quamvis
349 1282 400 1323 am
424 1260 492 1323 lum
505 1261 554 1338 sit,
582 1260 615 1325 id
629 1259 716 1325 certe
731 1282 844 1345 parum
859 1275 906 1326 est
921 1276 997 1339 tum,
1018 1285 1036 1327 c
1059 1284 1091 1325 m
1105 1276 1151 1326 cat
1165 1259 1285 1348 aliquid

81 1414 87 1419 ,
120 1345 267 1430 amplius.
314 1345 369 1421 Qu
436 1346 589 1411 airerum
612 1357 738 1427 tuarum
760 1346 995 1424 immortalium,
1021 1348 1059 1412 C.
1084 1347 1200 1426 Caesar,
1231 1347 1342 1415 hiero

119 1431 225 1495 exitus
239 1429 364 1496 futurus
377 1430 446 1505 fuit,
462 1444 507 1509 ut,
523 1431 652 1497 devictis
667 1432 861 1510 adversariis,
878 1432 1102 1518 rempublicam
1117 1434 1150 1496 in
1165 1456 1204 1497 eo
1218 1445 1284 1497 sta-

120 1530 158 1589 tu
171 1516 365 1601 relinqueres
390 1517 426 1580 in
440 1537 504 1602 quo
518 1539 604 1582 nunc
627 1531 692 1595 est3
716 1516 797 1594 vide,
824 1540 940 1605 quaeso,
967 1540 1007 1582 ne
1022 1532 1076 1583 tun
1089 1517 1197 1582 divina
1220 1518 1285 1582 vir-

122 1615 175 1664 tus
188 1601 406 1666 admirationis
419 1601 490 1686 plna
504 1603 545 1666 ait
569 1602 725 1681 habitura,
741 1601 837 1689 qnam
852 1603 980 1690 gloriae3
1002 1603 1156 1689 siquidem
1181 1602 1285 1689 gloria

122 1699 172 1750 est
185 1685 311 1751 illustris
325 1710 363 1752 ac
376 1701 548 1773 pervagata
561 1688 735 1755 multorum
750 1701 782 1753 et
802 1710 851 1751 rna
876 1710 1001 1766 norum,
1016 1689 1066 1753 vel
1080 1690 1113 1752 in
1128 1710 1211 1763 suos,
1234 1688 1284 1753 rel
1318 1722 1321 1735 ,

122 1769 158 1834 iu
169 1773 314 1856 patriam,
327 1770 375 1837 rel
392 1772 425 1835 in
439 1794 535 1838 omne
541 1796 644 1860 genus
655 1773 831 1850 hominum,
855 1795 927 1837 ama
940 1772 1155 1838 ‘meritorum
1203 1773 1284 1838 Haec
1295 1784 1341 1843 60

101 1898 104 1903 -
121 1854 221 1943 igitur
235 1858 292 1922 tibi
307 1857 450 1944 ⁸reliqua
463 1880 540 1945 pars
551 1872 613 1935 est3
636 1860 689 1924 hic
703 1873 799 1923 restat
809 1874 914 1934 actum
937 1860 969 1922 in
985 1858 1047 1922 hoc
1057 1857 1283 1923 elaborandum

121 1957 178 2021 cst,
202 1957 239 2007 ut
253 1943 482 2029 rempublicam
502 1947 684 2022 constituas,
707 1943 807 2031 eaque
822 1956 856 2008 tn
879 1943 1047 2028 inprimis,
1071 1966 1142 2011 cum
1160 1941 1284 2007 summb

105 2022 351 2114 'tranquillitate
364 2042 397 2093 et
410 2033 487 2108 otio,
510 2030 681 2115 perfruere.
718 2029 803 2094 Tum
820 2043 862 2106 te,
877 2030 902 2092 si
919 2028 1013 2106 voles,
1029 2027 1100 2092 cilnr
1115 2040 1147 2092 et
1161 2028 1283 2112 patrica,

122 2113 211 2198 quod
237 2114 340 2192 debes,
366 2114 505 2192 solveris,
528 2128 560 2180 et
580 2130 724 2182 naturam
748 2115 848 2200 ipsam
871 2113 1045 2200 expleveris
1073 2113 1215 2178 satietate
1239 2113 1285 2177 vi·

121 2198 227 2275 vendi,
253 2197 328 2264 satis
352 2198 409 2264 diu
431 2200 545 2269 vixisse
569 2201 696 2283 dicito.¹
722 2200 812 2277 Quid
841 2213 887 2264 est
908 2200 994 2264 enim
1015 2197 1147 2264 omnino
1161 2198 1222 2263 hoc
1236 2198 1340 2299 ip-65

40 2316 43 2321 ·
121 2307 191 2349 sum
214 2283 276 2363 diu,
315 2285 375 2349 ¹¹in
403 2296 468 2373 quo
496 2299 543 2351 est
569 2286 689 2374 aliquid
718 2298 906 2363 extremum,
935 2284 1021 2385 quod
1050 2284 1123 2350 etim
1151 2298 1283 2362 venerit,

119 2371 225 2435 omnis
245 2370 391 2457 voluptas
420 2372 581 2456 praeterita
608 2394 669 2458 pro
693 2370 795 2434 nihilo
821 2385 877 2450 est,
900 2393 974 2458 qma
995 2370 1106 2456 posteri
1127 2367 1215 2435 nulla
1235 2369 1285 2434 su·

120 2471 195 2521 tura
223 2454 288 2529 sit?
313 2477 505 2543 quamquam
533 2457 693 2533 istatuus
721 2457 844 2521 animus
866 2479 1029 2542 nunquam
1062 2455 1133 2519 ¹hia
1169 2478 1209 2520 an
1255 2478 1285 2519 a·

120 2541 186 2618 tiis,
220 2564 297 2628 quas
325 2553 440 2606 natura
467 2541 558 2605 nobis
594 2542 636 2606 ad
664 2541 832 2606 vivendum
869 2539 967 2616 dedit,
1004 2554 1170 2604 contentus
1240 2541 1284 2604 it:

120 2648 247 2711 semper
267 2626 510 2691 immortalitatis
530 2648 639 2692 amore
659 2627 813 2711 flagravit.
859 2624 927 2689 Nec
950 2623 1026 2688 verb
1051 2624 1120 2689 herc
1144 2638 1200 2688 tna
1220 2624 1339 2698 vita70
1366 2626 1373 2638 '

121 2710 259 2776 dicenda
278 2726 333 2790 est,
358 2733 431 2800 quae
455 2732 588 2797 corpore
612 2727 645 2778 ct
670 2711 808 2796 kspiritu
829 2710 1027 2774 continetur:
1048 2709 1113 2786 illa,
1144 2709 1284 2795 inquam,

121 2796 179 2860 illa
204 2797 267 2862 vita
291 2810 336 2863 eat
359 2811 424 2876 tua,
456 2795 574 2875 Caesar,
596 2819 668 2885 quae
689 2796 808 2884 vigebit
832 2793 987 2858 mernorib
1001 2793 1187 2858 saeculorum
1217 2814 1285 2859 orn-

119 2881 221 2960 nium,
252 2905 345 2983 quam
366 2880 533 2969 posteritas
554 2882 627 2959 alet,
650 2904 744 2970 quam
764 2881 834 2966 ipsa
855 2880 1013 2943 eternitas
1036 2900 1159 2963 semper
1183 2876 1287 2943 tuebi-

119 2973 192 3033 rur:
215 2968 288 3033 burc
302 2984 337 3035 ta
346 2967 507 3046 intervias,
522 2966 598 3034 huic
612 2984 644 3034 te
654 2978 802 3045 ostentes,
817 2977 959 3052 oportet3
982 2986 1054 3051 quae
1065 2963 1202 3049 quidem,
1214 2984 1285 3052 quae

95 3142 292 3258 sorderent.
325 3198 438 3276 ‘finem
471 3195 695 3277 'matama-
718 3204 834 3255 ssrartat.
851 3156 1284 3274 'horodlrobetolt'qaemfinam

431 3274 653 3338 llrtlcbrcor'totc.
750 3274 974 3354 ,¹rerpirntione.

155 3527 197 3575 58.
216 3525 612 3594 Αάιιὶνσεῑοκὺριω,ᾳυὴςίοήι.]
629 3527 688 3579 Plus
719 3543 779 3578 voce
790 3526 942 3578 diremisset
959 3527 1024 3593 qaod
1040 3527 1102 3577 erim
1118 3526 1189 3576 babet
1204 3525 1284 3583 baem,

119 3589 286 3640 admintioms
293 3588 688 3657 babebatCesarpropterresieli·
720 3606 768 3641 non
779 3593 881 3649 estdiu3
896 3593 954 3643 nibil
970 3602 1048 3642 autem
1067 3600 1103 3641 ert
1119 3594 1143 3640 in
1161 3592 1284 3640 rebnshu·

118 3655 182 3704 citer
200 3655 290 3718 abique
311 3662 399 3716 gestat,
415 3663 441 3702 et
459 3655 584 3721 triumphos
600 3660 689 3724 ubique
720 3656 804 3713 mauis,
814 3658 878 3720 qnod
894 3672 942 3705 non
959 3659 1044 3707 habeat
1060 3658 1144 3714 finem
1160 3652 1284 3719 ergonihil

119 3728 269 3782 reportatos3
285 3716 429 3767 mirusrcrb
438 3717 526 3782 pone,
543 3723 600 3786 quia
614 3722 689 3771 Rem-
720 3730 764 3778 est,
774 3724 838 3785 qood
848 3721 936 3770 sitdiu.
969 3721 1048 3779 Quare
1058 3722 1283 3773 enarraremus

118 3784 182 3848 pub.
200 3784 266 3832 bellis
283 3784 393 3832 civilibus
414 3782 576 3834 labefactatam
594 3786 703 3835 omnintl'
719 3794 841 3851 potestas
852 3785 907 3835 ntis
918 3786 959 3835 dia
970 3788 1060 3836 viriato.

108 3846 524 3912 pristinamgsratimnrealtuir.
754 3854 794 3902 67.
811 3850 856 3899 Pro
872 3851 941 3900 nihilo
957 3852 1009 3916 am]
1041 3851 1157 3913 Voluptas
1167 3845 1284 3910 preterita

155 3914 197 3961 61.
224 3912 268 3961 Hic
289 3922 357 3963 restat
383 3912 473 3978 artu]
499 3913 603 3963 Verbum
623 3915 688 3978 latntl
719 3916 785 3964 nullo
796 3915 848 3964 loco
859 3916 967 3965 habenda
979 3925 1023 3971 est,
1033 3914 1089 3978 qula
1099 3928 1146 3961 non
1156 3910 1263 3958 sentitur.

118 3985 186 4025 actas
195 3977 533 4027 emtamaenseomoedit.
554 3974 689 4043 Itaqnehic
752 3982 793 4030 74.
811 3978 1041 4044 Ηυίσειιὺικηίω.]
1068 3972 1285 4040 significatcmri

119 4049 269 4091 reattractus
280 4050 398 4106 braquam
405 4044 555 4107 catasuopbe
571 4043 689 4093 income·
719 4043 948 4095 hulclmmortalitatl
954 4039 1284 4106 comparandadareopmm

119 4104 170 4161 dit.
178 4107 291 4156 utorauia
300 4108 458 4167 restituimur,
466 4109 603 4159 etlrabeaot
611 4107 690 4157 latum
720 4110 842 4174 Rampab.
851 4108 1023 4157 constituendo.
1037 4147 1040 4153 .

117 4171 217 4220 exitum.
469 4178 473 4185 '
752 4174 790 4225 Ib.
813 4175 915 4222 Ostentet.
957 4170 1051 4220 ‘Debet
1068 4165 1147 4216 cam
1162 4163 1284 4214 ostendere
1326 4217 1330 4224 ,

131 4298 139 4311 ν
153 4238 193 4285 65.
205 4234 339 4314 &titdiq
357 4236 573 4304 DixeratCnatiu
583 4235 627 4286 aui
637 4252 688 4286 ora-
721 4238 853 4292 eternitatb
866 4171 929 4300 qua?

119 4305 195 4357 lune,
205 4299 261 4349 ralla
274 4317 301 4352 ae
312 4304 354 4350 dra
364 4302 459 4352 vixisse:
471 4301 524 4365 jam
534 4305 595 4353 lianc
606 4318 688 4353 rocem
720 4305 778 4369 pub.
790 4300 981 4351 administrandi.

117 4363 688 4432 reruntctoero,atupltcat‚aameado‚inhtc

923 4237 1102 4297 isquanturqua
1118 4225 1285 4279 scauriana-
1355 4240 1358 4243 ·
1457 4222 1461 4233 ¹
