2959 4959
123 354 197 421 ass
630 350 726 422 ano
750 314 926 445 omnm.

187 502 284 573 quem
383 483 514 552 terboec
537 482 605 569 ipsa
629 482 735 549 studia
756 480 922 572 diligebat,
944 480 1107 571 negligere
1130 479 1314 568 potuisset?
1338 495 1382 547 et

189 571 277 659 quod
303 572 414 638 acinus
433 572 467 635 in
490 568 628 634 alienum
652 568 815 634 bominem
839 569 962 634 illatum
986 566 1094 634 severe
1115 569 1205 634 ‘acci
1247 581 1307 646 rat,
1335 568 1377 633 id

134 658 347 724 &omisisset
360 678 472 723 curare
490 655 523 719 in
543 652 690 740 hospite?
715 654 803 742 quod
824 677 883 743 per
907 655 1034 743 ignotos
1050 666 1158 721 sctum
1179 677 1198 721 c
1222 676 1254 718 m
1274 675 1380 719 com-

231 746 333 823 moret,
354 743 488 820 doleret,
510 740 543 804 id
566 737 671 806 dania
690 753 847 807 tentatum
873 764 914 806 ne
938 740 1076 829 ligereti
1106 740 1194 828 quod
1219 740 1253 804 in
1278 742 1378 829 agris

188 765 322 897 baisse
335 828 469 915 publicis
483 827 602 892 factum
677 826 877 905 rehenderet,
901 764 937 891 il
949 827 983 892 in
998 827 1088 906 urbe,
1111 849 1150 892 ac
1171 850 1239 892 suae
1263 825 1371 905 dorni,

190 928 332 1005 coeptum
346 936 414 978 esse
425 912 536 977 leviter
550 912 645 978 ferret
689 913 777 1013 quod
791 916 826 978 in
840 913 972 1000 aliquns
986 912 1119 1001 agrestis
1133 912 1276 1000 periculo
1296 934 1372 977 non

190 1000 455 1091 praetermitteret,
467 998 501 1063 id
512 997 612 1063 bomo
622 999 765 1083 eruditus
775 1002 810 1064 in
824 998 948 1065 insidiis
957 999 1132 1065 doctissimi
1145 998 1286 1064 hominis
1299 1000 1373 1064 dire

138 1086 404 1155 &simulandum
419 1082 571 1172 putaret?
594 1085 657 1152 Sed
672 1085 860 1151 curdiutids
878 1108 946 1165 vos,
962 1084 1098 1174 judices,
1121 1084 1239 1151 teneo?
1265 1085 1373 1171 ipsius

192 1170 310 1261 ‘jurati
334 1171 526 1259 religionem
543 1173 827 1260 auctoritatemque
849 1174 1025 1259 percipite3
1046 1184 1142 1260 atque
1161 1171 1271 1235 omnia
1291 1170 1372 1236 dili-

231 1272 304 1324 nter
318 1257 494 1323 testimonii
506 1257 605 1322 verba
618 1261 810 1346 cognoscite.
856 1258 970 1324 Recita
986 1257 1201 1324 testimonium
1223 1257 1373 1323 Lucceii.

177 1362 182 1377 ¹
234 1343 426 1409 estimonium
461 1342 614 1424 Lucceii.]
677 1345 768 1423 Quid
803 1345 992 1432 exspectatis
1027 1342 1186 1432 amplius?
1226 1364 1266 1408 an
1304 1343 1373 1408 ali·

191 1452 288 1517 quam
312 1453 424 1495 vocem
446 1429 565 1516 putatia
592 1432 694 1517 ipsam
721 1453 845 1517 prose
872 1453 999 1496 causam
1024 1446 1057 1496 et
1084 1431 1245 1495 veritatem
1268 1451 1375 1514 posse

136 1521 180 1580 60
192 1514 343 1581 mittere?
388 1515 473 1582 Hoec
486 1530 533 1581 est
546 1517 739 1591 innocentiae
753 1517 904 1596 defensio,
927 1517 997 1582 haec
1017 1517 1117 1604 ipsius
1131 1539 1235 1583 causoe
1247 1515 1370 1594 orado,

192 1601 263 1667 brec
277 1624 343 1667 una
356 1625 420 1667 vox
434 1602 583 1667 veritatis.
611 1603 650 1669 ln
665 1605 799 1669 crimine
814 1605 882 1690 ipso
896 1603 985 1669 nulla
999 1603 1137 1689 suspicio
1150 1616 1210 1677 est,
1235 1614 1266 1667 et
1279 1601 1312 1664 in
1326 1623 1371 1667 re

192 1687 295 1753 enihil
311 1702 358 1754 est
372 1690 569 1776 argumenti3
591 1690 625 1753 in
641 1692 781 1777 negotio,
804 1686 892 1777 quod
917 1702 1024 1755 actum
1050 1711 1117 1754 esse
1142 1688 1270 1766 dicitur,
1293 1687 1371 1752 nnl-

191 1773 261 1840 lum
274 1775 440 1863 vestigium
467 1777 631 1855 sermonis,
654 1775 727 1855 loci,
751 1777 921 1862 temporis:
945 1798 1040 1843 nemo
1054 1775 1153 1853 testis,
1174 1797 1272 1840 nemo
1291 1795 1371 1838 oon·

155 1878 161 1887 ·
194 1861 276 1927 acius
290 1864 490 1925 nominatur:
514 1874 617 1926 totum
631 1863 754 1927 crimen
769 1862 929 1948 profertur
949 1884 990 1927 ex
1014 1861 1153 1939 inimici,
1181 1884 1223 1926 ex
1246 1860 1370 1937 infami,

139 1952 182 2012 65
194 1969 234 2012 ex
249 1946 383 2022 crudeli,
406 1969 446 2011 cx
460 1946 647 2025 facinorosis,
664 1971 704 2013 ex
718 1949 891 2013 libidinosi
905 1948 1020 2013 domo:
1043 1946 1157 2013 domus
1171 1960 1277 2012 antem
1303 1946 1368 2025 tus,

76 2034 81 2045 ¹
193 2055 267 2120 quae
294 2044 415 2097 tentata
440 2031 557 2117 scelere
582 2034 643 2097 isto
668 2033 790 2100 nefario
813 2035 941 2112 dicitur,
976 2034 1071 2120 plena
1093 2047 1141 2098 est
1165 2034 1368 2120 integritatis,

193 2119 299 2197 oflicii,
323 2119 501 2206 religionis:
524 2141 565 2181 ex
587 2120 652 2206 quir
674 2119 772 2184 domo
797 2122 949 2185 recitatur
973 2120 1063 2186 vobis
1080 2119 1290 2207 jurejurando
1313 2119 1372 2183 de·

192 2204 300 2269 vincta
324 2204 512 2279 auctoritas3
537 2221 572 2267 ut
596 2227 656 2284 res,
680 2205 813 2270 minimb
835 2207 944 2286 dubia,
968 2218 1076 2272 tamen
1100 2205 1135 2270 in
1163 2206 1373 2271 contentione

193 2300 341 2374 ponatur,
365 2289 470 2353 utrdm
485 2292 663 2370 temeraria,
684 2314 814 2377 procax,
838 2292 919 2358 irata
942 2293 1056 2359 mulier
1078 2291 1208 2357 finxisse
1230 2292 1370 2370 crimen,

140 2376 182 2439 ’10
190 2374 365 2524 arhgrtavis,
388 2375 523 2460 sapiens,
539 2375 784 2466 moderatusque
799 2379 846 2444 vir
859 2377 1008 2467 religiose
1022 2378 1236 2446 testimonium
1247 2376 1373 2444 dixisse

191 2480 223 2522 vr
247 2481 283 2524 ea
299 2480 346 2524 ur.

238 2545 284 2611 X.
299 2544 470 2646 Reliquum
482 2561 530 2612 est
540 2524 767 2636 igiturbrimen
779 2552 970 2633 devenerim
994 2555 1082 2641 cujus
1090 2574 1155 2716 ἕο
1166 2507 1267 2639 neque
1278 2551 1371 2652 prin-

1126 2661 1145 2704 u

194 2631 313 2717 cipium
328 2634 480 2712 invenire,
496 2656 600 2735 neque
613 2637 759 2703 evolvere
772 2640 893 2704 exitum
908 2662 1047 2727 possunt.
1065 2658 1067 2662 ’
1147 2662 1177 2703 ae
1196 2637 1258 2702 tuit
1281 2658 1369 2702 enun

194 2741 298 2797 causa,
321 2719 528 2805 quamobrem
544 2722 595 2786 rsti
609 2724 734 2789 mulieri
750 2747 907 2790 venenum
922 2725 1017 2791 vellet
1030 2726 1108 2791 dare
1132 2722 1278 2791 coeliss?
1317 2723 1369 2789 Ne

195 2826 307 2870 aurum
317 2804 489 2870 redderet?
502 2828 579 2873 num
589 2808 727 2894 petivit?
741 2811 801 2876 ‘Ne
814 2813 955 2877 “crimen
968 2810 1126 2878 haereretl
1139 2832 1217 2875 num
1230 2810 1370 2897 quisob-

161 2888 388 3043 bittit?
405 2893 984 3057 liidiiiiiiilitmmimi
1002 2897 1096 3050 {iii
1113 2895 1372 3047 tttddtt

664 3006 717 3048 ee
776 3006 829 3048 um
868 3006 951 3051 rcere
965 3009 1006 3050 au
1030 3007 1055 3049 rs
1080 3006 1105 3059 s,

193 3061 307 3127 lectum
323 3083 388 3127 non
404 3064 545 3131 futurum
558 3066 654 3132 fuisse
670 3069 785 3147 Coelio,
802 3071 864 3134 nisi
878 3071 1003 3150 iterim,
1019 3068 1128 3155 eidem
1139 3067 1180 3132 de
1190 3088 1235 3144 res
1248 3088 1309 3132 ⁵¹¹0
1321 3067 1372 3133 fa·

193 3147 311 3214 miliari
324 3147 480 3231 absoluto,
492 3172 611 3217 nomen
622 3152 856 3220 hicdetulisset.
888 3156 1051 3223 Credibile
1060 3167 1106 3221 est
1115 3153 1222 3241 igitur,
1238 3166 1371 3222 tautum

192 3354 207 3384 ²
219 3347 462 3408 animadverteret.
481 3347 592 3411 beatu.
611 3349 712 3411 ‘utillo
726 3361 767 3413 est
777 3352 915 3434 probatio.
941 3349 1225 3414 ¹aecusareturiltius
1233 3350 1371 3412 crimina

225 3586 267 3632 48.
285 3582 340 3632 Hae
357 3586 405 3647 ipra
424 3587 521 3652 studia]
554 3588 715 3639 Humanitatis
740 3600 767 3640 et
797 3590 1133 3641 testimoniumvaleradcbct.

193 3645 336 3713 eloquentius
346 3651 550 3717 stadiaiutelligit
718 3690 720 3694 »
830 3655 983 3720 tesam]
1014 3656 1200 3706 Iaillilncceii
1213 3654 1281 3702 douo
1298 3651 1373 3701 diee-

186 3782 188 3786 ⁴
225 3717 266 3763 54
301 3712 424 3764 Doertaisss·
448 3716 547 3766 hominia
599 3717 659 3776 Dio,
674 3718 766 3785 legatus
796 3720 1276 3787 baturinteriectnainisaeDio,princcpt
1291 3714 1374 3766 Alu-

184 3776 378 3838 alexandrinus,
396 3781 459 3829 omni
467 3784 599 3832 eruditione
610 3784 715 3833 florebat.
795 3787 899 3837 andrina
909 3787 1041 3853 legationis.

225 3847 266 3896 5⁷.
283 3844 362 3894 Recito
381 3849 526 3905 tatinum
546 3848 656 3914 lasau]
673 3848 766 3899 Aberat
827 3855 852 3902 5.
881 3852 965 3902 Nomen
984 3853 1117 3919 daem]
1162 3851 1261 3900 Deraso
1281 3862 1374 3899 maen

194 3912 225 3959 ab
239 3911 284 3960 boc
296 3909 390 3990 judicia
401 3912 531 3973 inerciam
547 3916 590 3963 sed
605 3915 764 3964 testimonium
795 3934 843 3967 noa
854 3918 994 3984 estpmprie
1003 3932 1115 3968 aooaauc
1123 3935 1132 3978 ;
1147 3919 1201 3971 aad.
1217 3914 1282 3980 apud
1293 3914 1372 3978 1·ιὶ-

192 3990 261 4025 annrn
273 3976 344 4033 mult,
354 3978 418 4040 quod
428 3976 442 4025 i
452 3977 529 4026 scribi
539 3980 660 4027 recitatum
671 3988 715 4027 ert.
795 3990 892 4032 stratum
902 3992 927 4032 et
934 3983 1049 4048 judicem,
1066 3986 1097 4033 de
1107 3980 1296 4047 atiquacrimtse
1311 3988 1372 4028 υἱὲ

184 4055 187 4061 ·
227 4044 269 4093 ⁶5.
285 4041 412 4093 Hlidiaml
425 4043 508 4107 aaa]
540 4043 657 4107 lmqnitnr
673 4045 704 4091 da
721 4045 765 4091 do·
795 4049 967 4097 assumtionem
976 4050 1126 4106 denuntiare,
1136 4059 1162 4098 et
1170 4045 1373 4110 alinmiaaapitia

193 4121 233 4155 mo
253 4106 353 4165 Clodiae,
380 4122 411 4156 ex
426 4107 474 4172 qud
498 4122 579 4156 rernm
605 4107 765 4173 testimonium
795 4112 921 4162 discrimen
934 4129 1025 4176 rapere.

192 4171 292 4234 panteni
302 4190 350 4223 non
361 4179 447 4238 potest,
458 4172 665 4237 qulalnlamiaest,
675 4182 701 4221 et
711 4171 764 4222 libi·
827 4178 853 4225 7.
882 4176 1000 4226 Familiari
1018 4178 1135 4242 aboleta]
1169 4176 1254 4225 Polam
1279 4173 1374 4224 Atrati-

151 4294 155 4303 ,
191 4232 285 4285 dinosa.
633 4240 634 4243 ’
796 4242 991 4307 υυπίιῑοῦίῄῑ,
1011 4244 1045 4294 de
1061 4256 1110 4309 qua
1130 4241 1187 4291 ride
1206 4247 1373 4307 argumentum

224 4298 263 4348 Ib.
280 4301 365 4350 Danau
385 4312 460 4353 aum
480 4303 541 4368 illa]
564 4302 764 4355 haesitamus
795 4306 915 4359 oraticula

191 4359 247 4413 einr
267 4365 339 4427 plena
358 4366 389 4417 sit
403 4369 551 4433 integritatis,
573 4368 630 4418 inda
647 4370 764 4435 prolatam
