2959 4959
543 385 564 396 ''
654 353 765 442 ,w
816 377 910 439 :L's

345 627 349 639 ’
424 641 515 770 'n
538 668 704 736 runnu
728 641 1014 735 mamonis.

335 837 617 958 csso
724 809 1300 975 Msson”3

512 1013 514 1017 ,
590 1091 594 1100 ¹
697 1077 852 1176 m}

431 1243 530 1330 nn
578 1237 1028 1374 sunnonem

475 1507 477 1516 ,
607 1455 851 1522 ntntooUS.

349 1641 1101 1690 m

371 1845 468 1891 ffl'l'.
488 1843 704 1890 POMPONIUM
726 1839 880 1889 smmum
902 1835 1091 1889 runrtntb.

28 2013 38 2036 ι
138 2027 142 2034 .
259 1933 286 1997 l.
308 1933 437 1997 orirer
456 1935 483 1995 si
495 1934 628 2027 quidego
641 1933 770 2014 ntljuero,
784 1949 913 1994 eieramus
925 1931 1042 2004 levasso,

312 2015 384 2084 Quae
396 2033 472 2074 nune
482 2023 511 2075 te
522 2022 626 2096 ccqrnt,
638 2023 666 2072 et
678 2023 782 2086 versat,
794 2013 825 2072 in
833 2011 1027 2094 pestorefixa,
1135 2089 1137 2091 v

308 2094 422 2176 Ecquid
434 2094 490 2186 erit
497 2092 610 2176 pretii?

140 2194 237 2264 Licet
258 2197 343 2264 enim
363 2197 504 2266 versibus
524 2195 637 2264 iisdem
658 2193 738 2261 mihi
760 2191 851 2260 affari
873 2207 914 2273 te,
940 2194 1055 2275 Attice,
1070 2193 1186 2283 quibus
1201 2193 1316 2269 affatur

139 2281 361 2352 Flamininum
951 2289 957 2300 '

309 2392 367 2452 lite
379 2394 435 2464 vir,
446 2393 526 2452 hund
536 2395 639 2474 megisti
651 2414 712 2454 cum
725 2415 768 2464 re,
780 2393 832 2453 sed
838 2390 1038 2473 plenu'fides'e
1168 2419 1171 2424 ·

142 2491 443 2582 qoernqubm'oertb
455 2495 531 2573 scio,
546 2517 623 2573 non,
638 2508 675 2561 ut
689 2496 916 2574 Flamininum,

314 2600 470 2664 sotidcari
481 2612 519 2675 te,
538 2602 613 2672 Tse,
626 2602 666 2662 sic
679 2611 826 2684 noctesque
831 2605 958 2684 diesque,

144 2704 233 2776 Novi
260 2707 345 2772 enim
367 2702 618 2772 moderationem
650 2705 749 2770 enimi
771 2708 817 2772 tui
839 2720 870 2773 et
946 2699 1092 2782 uitatem3
1125 2717 1218 2793 teque
1244 2728 1312 2772 non

144 2813 324 2881 cognomen
349 2790 452 2858 solum
478 2790 614 2857 Athenis
635 2789 828 2878 deuertisse,
852 2793 906 2858 sed
954 2792 1159 2856 emunitatem
1180 2805 1212 2855 et
1235 2811 1312 2877 pru·

145 2875 297 2953 dentiam,
311 2875 465 2964 intelligo.
510 2875 555 2944 Et
568 2890 673 2941 temen
689 2889 721 2941 te
734 2877 878 2978 suspicor
892 2877 1002 2941 iisdem
1018 2876 1121 2954 rebus,
1138 2877 1251 2977 quibus
1262 2895 1313 2942 me

141 2963 257 3051 ipsum,
273 2963 434 3029 interdum
514 2961 581 3028 viris
608 2981 818 3028 commoveri:
842 2985 975 3049 quarum
996 2961 1173 3027 consolatio
1193 2975 1225 3027 et
1245 2983 1313 3027 me·

139 3051 192 3136 jor
205 3065 261 3129 est,
277 3063 309 3115 et
322 3050 356 3118 in
380 3046 444 3114 eliu
492 3062 555 3114 tem
580 3071 618 3115 us
636 3045 822 3114 differenda.
867 3047 963 3113 Nunc
983 3060 1088 3113 eutem
1110 3047 1189 3113 mihi
1210 3048 1312 3113 visum

143 3143 190 3201 est
203 3134 244 3201 de
268 3147 431 3202 senectute
444 3134 543 3221 aliqui
580 3134 621 3200 od
635 3147 666 3198 te
681 3133 900 3199 conscribere:
923 3132 986 3198 hoc
1004 3134 1089 3198 enirn
1103 3155 1209 3212 onere,
1225 3131 1312 3221 quod

143 3219 224 3286 mihi
251 3243 420 3287 commune
448 3234 554 3286 tecum
583 3231 639 3297 est,
669 3232 725 3285 eut
739 3221 810 3306 jum
836 3220 988 3306 urgentis,
1010 3215 1173 3284 uut'certe
1194 3220 1312 3282 adven-

85 3339 90 3348 ·
146 3303 241 3370 tentis
254 3306 432 3385 senectutis,
447 3319 478 3372 et
493 3321 525 3374 te
539 3319 571 3374 et
581 3328 632 3371 rue
645 3304 749 3392 ipsum
764 3304 863 3370 levari
879 3303 977 3369 volo:
994 3303 1053 3369 etsi
1074 3315 1106 3369 te
1126 3301 1255 3391 quidem
1276 3301 1312 3368 id

146 3383 333 3478 mediceae
363 3390 531 3476 sapienter,
561 3393 643 3456 sicut
668 3392 787 3469 omnia,
818 3402 850 3455 et
882 3389 964 3454 ferre
1001 3402 1038 3454 et
1069 3387 1207 3455 laturum
1245 3409 1312 3456 esse

145 3469 235 3540 certo
257 3471 332 3539 scio.
378 3473 442 3541 Sed
463 3476 551 3562 mihi,
574 3475 645 3542 curn
660 3475 702 3539 de
715 3486 877 3540 senectute
890 3474 1010 3561 aliquid
1033 3473 1145 3540 vellem
1163 3475 1311 3556 scribere,

145 3572 180 3628 tu
195 3559 383 3628 occurrebas
397 3557 428 3628 di
476 3583 512 3632 us
531 3584 570 3628 eo
583 3579 734 3639 munere,
761 3582 826 3647 quo
845 3571 980 3646 uterque
1001 3560 1144 3628 nostrum
1170 3583 1313 3628 commu·

145 3643 228 3712 niter
237 3656 393 3712 uteretur.
487 3644 533 3710 ihi
557 3645 685 3734 quidem
709 3644 756 3710 ito
774 3643 918 3729 jucunde
941 3645 1034 3733 hujus
1058 3643 1133 3712 libri
1157 3645 1312 3713 confectio

146 3725 214 3805 fuit,
228 3743 346 3796 utnon
361 3727 460 3796 modb
474 3752 584 3797 ornnes
608 3730 790 3797 absterserit
812 3730 980 3796 senectutis
1002 3731 1172 3810 molestius,
1196 3728 1254 3812 sed
1267 3727 1313 3793 ef·

147 3809 254 3880 fecerit
264 3814 395 3882 mollem
410 3814 506 3880 etiem
521 3825 553 3879 et
569 3815 748 3902 jucundam
770 3828 973 3882 senectutem.
1019 3809 1191 3905 Nunquam
1215 3800 1313 3901 igitnl·

148 3896 222 3982 satis
242 3900 365 3968 landari
380 3897 479 3989 digne
492 3902 610 3986 poterit
626 3900 838 3988 philosophis,
854 3901 905 3968 cui
942 3903 974 3966 ui
989 3915 1108 3990 parent,
1123 3920 1220 3965 omne
1233 3912 1313 3964 tem-

147 4007 207 4073 pus
221 3986 321 4050 estatis
334 3983 403 4053 sine
425 3983 572 4052 molestis
593 3987 693 4071 possit
716 3987 842 4076 degere.
973 3987 1014 4053 de
1034 3986 1156 4053 creteris
1177 3997 1209 4047 et
1229 3981 1313 4049 dixi-

147 4092 217 4139 mus
239 4067 347 4150 multu,
369 4083 402 4137 et
425 4094 512 4160 soepe
532 4070 692 4138 dioemus:
723 4073 811 4139 hunc
831 4072 950 4137 librum
975 4070 1017 4136 de
1036 4082 1197 4135 senectute
1217 4065 1260 4134 ud
1280 4079 1313 4136 te

148 4155 299 4224 misimus.
343 4153 482 4224 Omnem
496 4165 602 4224 sutem
617 4178 793 4228 sermonem
816 4151 994 4235 tribuimus,
1016 4176 1083 4220 non
1097 4151 1252 4234 lithono,
1277 4167 1315 4222 ut

150 4240 258 4328 Aristo
274 4238 389 4320 Chius,
414 4246 540 4328 (perum
562 4243 649 4309 enim
669 4257 753 4310 esset
772 4241 969 4308 auctoritatis
992 4239 1028 4304 in
1051 4237 1172 4321 tabunt
1192 4242 1248 4308 sed
1260 4236 1314 4308 Μ.

152 4323 265 4394 cuoni
283 4328 368 4406 seni,
396 4349 460 4416 quo
489 4329 642 4430 mojorem
676 4328 896 4396 erictonitetem
917 4323 1051 4391 haberet
1074 4325 1196 4404 oratio:
1229 4323 1316 4415 apud

149 4429 257 4516 fluens,
273 4409 418 4482 talium
438 4426 476 4514 et,
493 4413 678 4503 chtionem
698 4411 831 4516 fecimus
858 4409 1062 4493 admirantes,
1087 4409 1174 4498 qubd
1203 4415 1230 4480 is
1250 4425 1316 4480 nn
1352 4420 1354 4424 '
