2959 4959
455 343 549 411 PRO
571 343 700 410 LEGE
723 343 944 412 MANILIA.
1312 349 1355 432 49

102 491 200 543 nutem
217 473 388 540 neminem
403 473 556 550 nomino;
580 470 680 574 quare
695 475 785 538 irasci
802 473 879 538 mihi
895 496 991 538 nemo
1005 476 1133 560 poterit,
1149 478 1209 541 nisi
1225 476 1279 567 qui
1354 476 1357 482 '

100 563 171 629 autc
185 562 230 626 de
248 584 283 626 se
303 560 444 623 voluerit
459 560 613 624 confiteri.
659 560 784 648 Itaque,
799 575 929 646 propter
943 560 1027 625 hanc
1042 563 1204 627 avaritiam
1221 565 1280 629 im·

97 663 296 735 penitorum,
313 657 451 733 quantas
464 646 667 723 calamitates,
706 668 884 734 uocumque
899 645 1026 711 ventum
1043 649 1093 724 sit,
1111 650 1210 713 nostri
1225 673 1279 714 ex·

98 736 218 799 orcitus
242 732 383 804 ¹’ferant
406 731 479 818 quis
501 731 652 819 ignorat?
684 670 819 807 itinera,
844 755 916 818 quoe
937 755 995 818 per
1009 734 1105 798 hosce
1129 757 1229 799 annos
1245 736 1284 800 in

100 818 212 895 Italia,
235 841 293 903 per
314 840 410 906 agros
425 831 521 903 atque
536 817 654 903 oppida
669 819 783 883 civium
808 819 1037 897 Romanorum,
1063 823 1164 884 nostri
1179 822 1355 908 impe-100

99 919 230 970 ratores
250 904 400 980 fecerunt,
424 903 657 967 recordamini:
678 917 746 969 turn
772 904 895 968 facilius
916 907 1066 980 statueris,
1088 906 1166 993 quid
1192 907 1279 992 apud

103 1006 230 1056 exteras
254 991 399 1054 nationes
421 987 492 1051 fieri
517 991 710 1054 existimetis.
748 989 864 1055 Utrdm
881 989 986 1074 plures
1001 992 1199 1056 arbitramini
1220 1003 1278 1078 pe‘r

104 1076 202 1140 hosoe
214 1098 317 1140 anuos
338 1074 476 1138 militum
492 1088 667 1139 vestrorum
683 1075 779 1139 armis
794 1076 930 1138 hostium
947 1077 1048 1155 urbes,
1072 1101 1113 1142 an
1137 1077 1278 1144 hibernis

13 1211 15 1234 .
106 1163 262 1227 sociorum
282 1162 436 1238 civitates,
451 1182 517 1225 esse
536 1159 679 1226 deletas?
700 1184 803 1248 neque
825 1162 909 1224 enim
934 1177 1037 1247 potest
1053 1167 1225 1229 exercitum
1249 1164 1278 1229 is
1307 1173 1311 1184 '

107 1249 267 1314 continere
292 1247 479 1332 imperator,
502 1248 555 1333 qui
576 1270 609 1310 se
630 1248 734 1333 ipsum
757 1269 822 1310 nou
846 1248 1003 1324 continet3
1026 1270 1128 1336 neque
1152 1273 1278 1315 severus
1291 1262 1355 1323 105

105 1337 215 1399 esseio
236 1332 429 1420 judicando,
453 1332 507 1418 qui
529 1332 607 1397 alios
629 1335 662 1396 iu
686 1357 719 1397 se
740 1355 864 1397 severos
886 1357 952 1397 esse
968 1333 1091 1419 judices
1112 1358 1177 1399 uon
1200 1336 1277 1401 vult.

103 1418 164 1485 Hic
177 1421 350 1495 miramur,
375 1419 463 1481 hunc
487 1418 647 1482 hominem
663 1418 785 1482 tontirm
808 1419 963 1483 excellere
977 1422 1107 1497 caeteris,
1129 1423 1219 1508 cujus
1234 1421 1278 1487 le·

101 1508 213 1594 giones
228 1507 275 1569 sic
291 1506 326 1567 in
343 1505 453 1568 Asiam
468 1519 690 1588 pervenerunt,
710 1520 823 1569 utnon
842 1503 937 1569 modo
952 1527 1065 1570 manus
1087 1509 1165 1572 tanti
1187 1530 1279 1572 exer·

101 1592 197 1665 citos,
212 1591 269 1654 sed
284 1613 327 1653 ne
342 1590 507 1676 vestigium
523 1591 661 1677 quidem,
677 1591 822 1676 cuiquam
838 1605 953 1675 pacato
966 1595 1109 1657 nocuisse
1130 1591 1279 1660 dicatur?

100 1679 175 1744 Jarn
192 1676 271 1741 vero
286 1675 555 1776 quemadmodum
582 1676 697 1740 milites
710 1674 890 1752 hibernent,
907 1677 1048 1762 quotidie
1063 1702 1221 1743 sermones
1241 1701 1279 1745 ac
1295 1691 1357 1753 llo

99 1764 205 1829 literae
229 1766 443 1848 perieruntur.
477 1762 551 1826 Non
577 1759 687 1839 modi),
720 1777 756 1825 ut
778 1775 936 1845 sumptum
961 1761 1053 1826 saciat
1076 1764 1108 1826 in
1136 1765 1306 1842 militem‚‘

100 1850 229 1916 nemini
253 1848 303 1908 vis
326 1847 469 1923 affertur3
491 1847 546 1912 scd
573 1869 614 1910 ne
636 1847 776 1932 cupienti
800 1846 925 1931 quidem
953 1849 1099 1933 cuiquam
1125 1849 1280 1933 permitti·
1366 1901 1368 1906 a

103 1949 181 2011 tur;
216 1933 333 1996 hiemis
354 1935 445 2010 enim,
479 1955 544 1996 non
568 1934 719 2010 avaritiae,
753 1931 932 2019 perfugium
960 1935 1095 2018 majores
1117 1934 1216 1996 nostri
1246 1935 1279 1997 iu
1342 1934 1350 1943 “

13 2035 14 2050 ’
103 2022 272 2086 sociorum
295 2031 385 2106 atque
406 2020 581 2084 amicorum
597 2017 686 2084 tectis
708 2041 774 2082 esse
789 2018 965 2082 voluerunt.
1012 2021 1083 2108 Age.
1104 2017 1190 2096 vero,
1217 2041 1280 2083 cae-

104 2107 183 2172 teris
212 2106 247 2168 in
278 2105 370 2169 rebus
398 2105 484 2192 quali
512 2107 552 2170 sit
577 2102 798 2190 temperantia,
822 2104 1030 2169 considerate.
1067 2104 1163 2171 Unde
1193 2102 1279 2171 illam
1296 2119 1357 2179 115

13 2233 14 2254 a
101 2205 227 2258 tanturn
243 2190 449 2268 celeritatem,
462 2203 492 2255 et
507 2206 569 2254 tam
587 2190 803 2255 incredibilem
819 2212 946 2254 cursum
962 2192 1124 2256 inventum
1139 2191 1281 2279 putatis?

103 2300 170 2342 non
198 2278 283 2341 enim
309 2277 400 2341 illurn
423 2278 540 2341 eximia
555 2278 599 2340 vis
623 2277 791 2360 remigum,
815 2289 869 2340 aut
893 2300 943 2340 ars
970 2279 1111 2343 inaudita
1133 2279 1280 2366 quaedam

104 2363 319 2452 gubernandi,
343 2377 398 2426 aut
422 2363 508 2426 renti
537 2362 632 2450 aliqui
658 2364 731 2426 novi
755 2377 819 2426 tam
845 2361 987 2427 celeriter
1012 2367 1041 2428 in
1067 2364 1194 2429 ultimas
1216 2379 1280 2431 ter-

105 2472 156 2514 ras
194 2449 390 2526 ertulerunt3
414 2448 466 2512 sed
483 2448 533 2511 hae
547 2471 605 2526 res,
629 2470 699 2535 quae
710 2461 841 2512 coeteros
858 2451 1009 2513 remorari
1025 2450 1135 2526 solent,
1152 2473 1217 2514 non
1233 2473 1281 2516 re-

106 2548 138 2600 ta
177 2534 296 2599 arunt:
314 2556 380 2598 non
397 2534 529 2598 avaritia
543 2534 583 2598 ab
598 2534 741 2598 instituto
757 2554 850 2597 cursu
866 2533 906 2596 ad
922 2535 1061 2618 praedam
1077 2535 1214 2620 aliquam
1227 2535 1282 2600 de·
1296 2548 1358 2607 120

106 2622 241 2697 vocarit,
265 2642 331 2684 non
359 2618 461 2682 libido
485 2619 526 2683 ad
535 2619 747 2705 uoluptatem,
770 2640 835 2680 non
851 2621 1017 2683 amoenitas
1042 2620 1082 2683 ad
1098 2619 1282 2684 delectatio·

106 2728 195 2785 nem,
217 2727 281 2770 uon
296 2704 448 2771 nobilitas
464 2707 548 2770 urbis
567 2705 608 2770 ad
623 2704 850 2792 cognitionem,
875 2725 938 2765 non
959 2704 1094 2791 denique
1109 2703 1201 2767 labor
1215 2706 1282 2789 ipre

616 2938 629 2964 '¹
643 2929 775 3008 offerant.

139 3199 182 3244 99.
200 3195 246 3244 Per
259 3195 416 3258 hetaeum]
448 3194 552 3259 Tempus
568 3196 684 3255 significat
715 3193 764 3257 peii
778 3192 817 3249 eit,
833 3193 963 3240 nonruodd
982 3192 1135 3257 quieuemiui
1151 3192 1284 3241 nocuitul

109 3260 502 3324 quoductisuutexercituscontra
510 3261 683 3317 Mithridatem,
715 3257 821 3313 avaritia,
838 3259 880 3306 red
896 3274 927 3308 ne
944 3274 1028 3307 nocue
1041 3259 1135 3323 quidem
1147 3257 1184 3305 vel
1203 3257 1287 3306 leviter

110 3326 211 3389 pintus.
227 3326 363 3381 Sertorium,
379 3335 404 3373 et
412 3325 561 3389 Sqrartaeum.
716 3323 763 3370 ruis
775 3324 887 3385 pemrisit.

146 3389 205 3437 108.
222 3388 343 3454 Hibernis]
377 3390 485 3438 Hiberus
502 3391 611 3442 dicamur
622 3385 682 3445 loca,
748 3392 804 3436 114.
822 3389 869 3452 Age
886 3387 955 3451 turcl-J
989 3386 1060 3435 Nunc
1080 3388 1111 3436 de
1131 3387 1285 3450 temperantirl

110 3453 554 3517 chiperhiememexercitusmanent.
716 3453 841 3516 Pompeii3
867 3459 903 3499 est
923 3461 1001 3499 autem
1029 3453 1184 3515 temperantia
1202 3453 1284 3510 mnus,

146 3522 204 3567 108.
223 3517 305 3566 maus
322 3520 519 3584 tantimodis]
551 3518 591 3567 Ita
601 3535 683 3583 perre-
716 3533 769 3581 qua
785 3517 888 3578 exsecti
906 3517 995 3564 ratione
1006 3516 1107 3572 lrbrdrm.
1118 3518 1243 3579 voluptati,
1259 3527 1285 3566 et

110 3582 233 3632 muntia
251 3582 333 3632 Asiam
343 3584 449 3647 legiones
466 3583 583 3647 Pompeii,
599 3595 683 3632 utnon
715 3583 767 3630 aliis
777 3582 853 3644 praeis
863 3582 1032 3636 affectionibus,
1043 3582 1181 3631 dominatur.

112 3648 183 3696 nodo
203 3648 262 3697 nihil
282 3648 405 3712 rapuerint
423 3665 465 3714 per
486 3650 563 3708 riam3
590 3649 633 3696 aed
653 3665 684 3697 nc
750 3649 806 3695 119.
834 3645 949 3694 Rcmmri
973 3648 1065 3760 uolenti
1110 3646 1217 3696 Avarltie
1237 3646 1285 3695 Lu·

109 3713 199 3778 pedem
207 3714 306 3778 quidem
315 3712 411 3762 tulerint
420 3714 485 3778 apud
496 3730 550 3762 curn
561 3714 602 3778 qui
612 3713 685 3762 hostis
715 3710 803 3762 cullum
827 3712 842 3759 i
862 3712 1026 3776 persequendo
1065 3712 1188 3762 lithridute
1213 3720 1284 3762 retu·

71 3811 75 3818 .
111 3787 242 3827 mmet
288 3791 293 3798 ·
717 3777 791 3825 davit.

146 3847 202 3890 111.
222 3842 253 3891 Ut
271 3851 388 3904 nrmptam
398 3841 498 3906 factet]
516 3841 628 3890 Nemini
648 3842 684 3889 vis
750 3845 805 3890 121.
823 3838 874 3888 Noa
890 3841 976 3905 littra]
1009 3840 1045 3889 Fa
1060 3840 1286 3890 continuanium

108 3906 209 3956 Mettus
223 3914 250 3955 ut
263 3907 442 3971 sueuptustiant
457 3923 513 3971 erga
521 3907 615 3963 milites,
631 3908 684 3955 rub·
717 3906 857 3970 Pompeium
877 3915 955 3953 aarmt
981 3905 1126 3960 Plutarchus,
1153 3913 1188 3964 ut,
1210 3904 1287 3967 capti·

107 3971 275 4029 mutanda
293 3988 316 4017 r.
334 3989 358 4034 g.
381 3978 467 4028 restes,
485 3972 620 4036 pecuniam,
639 3971 683 4020 &o
716 3971 862 4019 Mithridatis
877 3969 1007 4034 pellicibus,
1024 3970 1232 4019 omneudvmd
1243 3981 1287 4031 pt·

109 4035 159 4085 Sed
170 4053 202 4086 ne
213 4036 359 4101 permittitur
368 4037 473 4099 quidem,
489 4047 516 4085 ut
528 4053 569 4086 eos
579 4045 685 4100 sumptus
716 4035 793 4084 rentes
803 4037 922 4084 remiserit.

107 4102 203 4166 velipri
211 4102 300 4151 Asiani
310 4109 396 4164 sponte
406 4100 500 4150 iaciant.
737 4106 805 4150 m.
830 4099 938 4148 Nouae
962 4099 1042 4163 arista]
1093 4096 1153 4146 crim
1180 4087 1287 4144 celciam

144 4171 199 4216 lta
217 4167 319 4230 Μῄονα
328 4163 418 4228 nostri]
451 4165 684 4218 Cemuenmtsocios
716 4165 851 4222 Brundisio,
872 4161 1209 4226 multarurbespulclrerriures
1226 4175 1286 4225 pm-

106 4229 136 4280 h
152 4230 257 4282 hirenis
276 4247 326 4279 non
342 4246 394 4279 esse
403 4233 685 4296 mrandmsumptibur.
716 4231 822 4287 eruisti,
832 4229 923 4280 tantiam
934 4229 1040 4277 Athenas
1049 4225 1161 4282 turoam,
1170 4225 1287 4278 abiam

105 4293 197 4360 laque
212 4295 270 4346 crim
288 4295 512 4346 innocentianam
523 4299 615 4362 aitqua
632 4297 685 4352 nala
716 4295 783 4356 lecit,
798 4295 878 4344 hobiit
888 4295 993 4343 oratioue
1002 4293 1031 4341 ad
1043 4289 1163 4356 populum.

106 4358 218 4427 numa,
231 4361 347 4427 colligere
363 4358 433 4413 facili
443 4359 506 4427 licet,
515 4370 603 4429 quante
613 4361 685 4412 Pom·
